2992 4900
252 347 299 416 82
566 365 775 416 succesus
798 363 1032 416 rrsrruorue

339 509 530 578 Gulielmus
556 512 717 577 Pictavus
745 511 780 576 in
806 509 925 576 Rebus
953 511 1072 576 Gestis
1098 503 1263 578 Gulielmi

575 612 840 696 Couquaestoris,
863 631 940 696 cup.
963 613 1019 680 64.

294 733 431 819 Tydeus
457 731 633 798 aduersum
656 730 836 796 iusidiatos
855 730 1095 814 quinquaginta
1119 733 1213 816 rupis
1227 734 1346 818 petivit
1488 734 1489 739 ’

253 823 370 921 opem}
386 833 576 899 Guilelmus
601 850 674 917 par,
697 830 785 896 haud
808 830 939 896 inferior
957 830 1049 909 loco,
1070 833 1163 898 solus
1177 853 1242 898 uon
1257 837 1345 901 exti-

251 939 334 1004 muit
347 935 447 1002 mille.
490 933 640 1017 Scriptor
653 928 847 998 Thebaidos
862 924 916 998 tel
929 932 1115 1013 AEueidos,¹
1132 935 1191 1017 qui
1204 935 1299 1002 libris
1312 939 1346 1002 in
1488 942 1489 1017 j

251 1039 348 1124 ipsis,
368 1037 508 1104 Poiitica
531 1035 615 1118 lege,
640 1035 682 1098 de
705 1033 836 1117 magnis
858 1033 988 1118 majora
1009 1042 1132 1100 canunt
1153 1038 1346 1103 exactibus
1488 1042 1489 1077 l

252 1140 349 1225 hujus
361 1140 423 1206 viri
439 1158 534 1224 aeque
548 1156 701 1220 maguum
715 1137 791 1226 plus
806 1136 941 1220 dignum
954 1136 1155 1202 conficerent
1168 1157 1256 1222 opus
1269 1158 1347 1205 vcra

253 1241 410 1308 cauendo.

389 1376 601 1442 Hermauuus
616 1373 820 1454 Contractus
836 1373 973 1453 Comes,
986 1373 1022 1439 iu
1037 1371 1218 1440 Chronico.

292 1491 393 1560 Anno
408 1492 531 1559 Christi
546 1507 607 1558 ux.
622 1491 751 1558 Statius
765 1491 877 1558 Poiita
890 1493 1002 1559 clarus
1014 1497 1096 1558 erut.

465 1641 639 1707 Honorius
654 1641 891 1726 Augustoduu.
902 1643 936 1706 iu
947 1640 1129 1708 Chronico.

295 1759 521 1838 Domitianus,
545 1759 645 1825 frater
665 1753 746 1836 Titi,
767 1757 956 1841 quindecim
972 1777 1089 1839 anuos,
1102 1778 1235 1825 meuses
1250 1761 1347 1845 quia·

251 1883 329 1948 que.
373 1861 505 1928 Statius
521 1857 630 1926 Poeta
643 1860 775 1926 claruit.

323 2009 484 2078 silvester
497 2010 671 2091 sifardus,
691 2012 788 2078 inrue
801 2011 896 2078 uteri
910 2010 951 2078 ee
966 2009 1065 2078 urse
1081 1993 1268 2078 numere.

294 2129 454 2214 Egregius
469 2128 590 2208 Puiita,
605 2129 747 2195 Statius.

551 2261 683 2329 Alanus
697 2261 918 2331 Anti-Claud.
930 2265 989 2332 lih.
1005 2281 1063 2331 xt.

476 2387 515 2446 ut
531 2380 655 2446 Sollius
670 2381 837 2467 implicat,
849 2384 996 2470 explicat
1011 2385 1092 2449 alter

380 2482 428 2549 Ut
444 2483 476 2549 N
480 2503 553 2561 aso,
568 2490 685 2549 vernat
698 2490 737 2549 ut
750 2485 893 2563 Statius,
910 2492 948 2551 ut
961 2485 1061 2551 Maro
1075 2486 1191 2552 dietat.

465 2631 667 2699 Helmuldus
682 2632 805 2699 Chrou.
820 2633 911 2701 Slav.
925 2634 982 2699 lib.
996 2652 1020 2699 r.
1032 2654 1062 2700 o.
1075 2636 1132 2701 43.

294 2750 449 2831 Quadam
473 2749 538 2829 die,
560 2750 676 2815 multis
698 2752 832 2818 arbitris
854 2770 967 2817 coram
989 2753 1113 2835 positis
1131 2752 1347 2836 interrogavit

250 2850 449 2931 Viceliuum,
473 2853 508 2916 iu
531 2852 663 2919 Scholis
686 2854 808 2937 positis
830 2854 910 2936 quid
933 2854 1095 2937 legissetl
1140 2854 1208 2918 Illo
1236 2856 1346 2938 perhi-

249 2958 349 3021 bente
371 2964 416 3019 'se
443 2954 542 3019 Statii
564 2954 684 3019 Libros
707 2954 918 3021 Achilleidos
942 2956 1077 3040 legisse,
1103 2962 1347 3040 cousequenter

248 3056 433 3141 requisivit,
448 3074 526 3140 quae
539 3063 629 3120 esset
638 3059 782 3123 materia
796 3058 923 3122 Statiit

270 3204 430 3272 Gulielm.
445 3202 681 3281 Timaviensis,
697 3204 730 3268 iu
751 3203 868 3270 Gestis
880 3205 1041 3271 Gulielmi
1062 3200 1169 3289 Regis
1186 3205 1323 3289 Anglor.

659 3313 692 3374 et
706 3305 793 3372 Duc.
810 3307 928 3372 Norm.

291 3422 377 3490 Gom
404 3422 557 3489 Haraldo
585 3423 657 3503 tali,
683 3425 816 3509 qualem
840 3424 1000 3491 Poemate
1023 3424 1137 3490 dicunt
1159 3423 1346 3490 Hectorem

250 3527 303 3592 vel
316 3526 479 3603 Turnum,
499 3544 566 3591 nou
584 3528 694 3592 miuus
709 3526 845 3591 auderet
858 3525 1047 3590 Gulielmus
1063 3525 1219 3608 congredi
1234 3528 1347 3609 singu·

248 3627 310 3692 lari
338 3626 529 3704 certamine,
549 3644 653 3711 quam
680 3624 833 3693 Achilles
854 3646 933 3691 cum
955 3625 1118 3705 Hectore,
1139 3627 1194 3693 vel
1215 3628 1347 3693 AEueas

249 3750 326 3795 cum
340 3726 465 3793 Turno.
508 3727 647 3813 Tydeus
669 3729 847 3795 adversum
871 3728 1086 3795 insidiatores
1104 3728 1348 3813 quinquaginta

249 3831 343 3915 rupis
361 3832 482 3917 petivit
508 3850 617 3916 opem.
669 3829 858 3897 Gulielmus
888 3849 961 3915 par,
985 3828 1077 3893 haud
1100 3829 1233 3895 inferior
1257 3830 1348 3911 loeo,

250 3936 343 4001 solus
357 3950 425 3999 uon
438 3932 596 3997 extimuit
614 3932 716 4002 mille.
758 3932 912 4018 Scriptor
934 3929 1128 3997 Thebaidos
1149 3926 1205 3996 rel
1229 3930 1349 3999 AEuei·

282 4106 366 4163 lPro
385 4115 490 4165 summis
510 4112 609 4164 duobus
629 4112 776 4163 auctoribus
817 4107 894 4163 etiam
923 4112 951 4163 iu
977 4112 1028 4163 illis
1051 4111 1169 4163 barbaris
1196 4110 1349 4183 pugnatori·

250 4192 305 4238 turu
328 4186 431 4240 luerunt
460 4188 585 4253 Virgilius
611 4194 638 4239 et
669 4188 777 4251 Statius,
817 4187 873 4239 hur.
