2992 4900
378 731 439 824 P.
489 727 755 822 PAPINII
805 732 1024 826 STATII

534 997 867 1138 VITA,

167 1403 169 1407 v
255 1315 338 1382 Ex
384 1315 522 1383 LILlI
565 1317 845 1386 GREGORII
888 1317 1145 1386 GYRALDI

335 1539 387 1592 DE
408 1537 555 1593 LATINIS
575 1539 705 1592 Pontus
724 1539 893 1623 nrttooo
912 1539 1075 1614 ‚eutoso

527 1779 890 1822 W

154 1964 270 2058 Posi·
296 1993 445 2061 Bessum
465 1991 667 2076 sequebatur
687 1988 730 2053 P.
751 1987 915 2074 Papinius
935 1992 1193 2079 Statius,·quns
1207 1994 1252 2068 de

155 2096 272 2176 patrio
286 2096 373 2170 inter
387 2093 632 2162 Grammaticos
650 2095 880 2158 controversie
900 2094 975 2172 fnit,
994 2114 1104 2179 usque
1123 2093 1167 2161 o'd
1182 2097 1253 2162 Do·

151 2194 246 2260 -mitii
260 2203 422 2283 temporo,
437 2195 589 2273 Domitii,
603 2193 757 2278 inquom,
773 2193 817 2259 de
829 2214 865 2262 re
877 2197 1025 2262 literaria
1038 2197 1254 2278 benemeriti,
1322 2265 1331 2282 ,

155 2298 217 2380 qui
234 2299 267 2364 si
283 2317 350 2364 non
363 2299 427 2364 sibi
440 2306 477 2363 et
488 2298 659 2363 memorius
673 2303 803 2362 tentum
824 2297 1031 2376 indulsisset,
1046 2299 1152 2366 multo
1163 2307 1255 2366 nem

156 2401 405 2467 obtrectatores
429 2401 465 2465 in
486 2399 559 2485 ejus
582 2399 719 2482 scriptis
733 2399 867 2479 frustra,
882 2414 959 2485 quoe
971 2399 1255 2486 reprehenderent,

158 2501 417 2585 perquisissent.
461 2502 527 2568 Sed
542 2502 585 2567 de
601 2502 752 2567 Domitio
772 2502 871 2583 alins,
886 2505 993 2588 inquit
1007 2505 1101 2583 Piso,
1116 2524 1204 2571 nune
1214 2506 1256 2571 de

159 2605 287 2685 Statio,
316 2608 386 2691 qni,
415 2608 458 2672 eb
488 2605 658 2691 aliquibus
681 2602 881 2685 Tolosanns,
902 2607 947 2672 ub
969 2606 1048 2671 eliis
1069 2626 1116 2672 ex
1141 2608 1256 2686 sellis,
1300 2606 1304 2613 ’

158 2706 257 2791 Epiri
281 2708 424 2792 oppido,
450 2709 494 2773 nb
516 2708 593 2773 aliis
615 2706 865 2792 Neapolitanus
886 2709 1015 2775 dicitur.
1058 2710 1154 2776 Tunc
1180 2729 1256 2791 ego,

158 2810 355 2894 Postquam
374 2830 428 2875 me
447 2828 626 2895 provoces,
649 2815 684 2875 et
705 2808 809 2874 Piens
830 2814 956 2875 attente
976 2817 1011 2874 et
1028 2811 1170 2875 libenter
1183 2811 1257 2877 hnc

19 2922 25 2933 ’
160 2913 282 2977 audire
297 2912 440 2992 videtur,
454 2932 592 2978 censam
607 2912 704 2976 vobis
720 2930 897 2996 erponem,
915 2930 975 2978 cnr
993 2913 1104 2979 Statio
1123 2912 1259 2980 diuerso

160 3022 334 3081 statuatur
357 3016 472 3099 petrin.
517 3013 629 3099 Atque
651 3016 688 3077 nt
709 3032 777 3077 rem
793 3014 917 3083 elnrins
932 3016 1141 3100 percipietis,
1154 3018 1260 3103 putris

160 3124 197 3180 et
224 3116 285 3181 filii
312 3118 400 3183 vites
432 3117 529 3183 vobis
553 3116 674 3201 paucis
703 3118 868 3196 recitabo,
897 3136 982 3201 ques
1001 3138 1077 3183 cum
1100 3120 1172 3199 ulii,
1191 3125 1261 3185 tum

162 3218 378 3303 Pomponius
401 3221 528 3298 Lotus,
551 3225 587 3283 et
602 3218 786 3285 Literernm
799 3228 836 3284 et
849 3217 1084 3303 Antiquitatis‚
1097 3229 1137 3285 nt
1150 3222 1260 3300 mitis,

162 3323 250 3387 bene
264 3324 402 3406 peritus,
424 3320 555 3407 pridem
569 3322 716 3406 Gsspnri
733 3322 857 3387 Blondi
871 3321 942 3387 lilio
957 3321 1171 3406 conseripsit,
1188 3325 1263 3407 qui·

163 3424 313 3489 busdam
328 3445 350 3489 a
363 3443 416 3491 me
425 3444 487 3509 pro
499 3432 651 3509 tempore
664 3424 800 3490 additis.
844 3424 904 3491 Sio
918 3443 1012 3508 ugos,
1026 3423 1135 3508 inquit
1145 3424 1264 3505 Piens,

162 3534 200 3592 et
221 3527 321 3593 simul
343 3528 496 3593 obticuit
540 3527 682 3594 Publius
706 3529 817 3610 igitur,-
848 3529 981 3613 inqnm
1004 3546 1080 3611 ego,
1099 3526 1263 3611 Papinius

164 3630 303 3695 Statius
319 3638 426 3714 poter,
447 3630 570 3697 Graeco
583 3635 617 3697 et
631 3630 755 3697 Latino
774 3630 891 3713 lingue
905 3629 1070 3706 eruditos,
1088 3629 1131 3693 nd
1150 3628 1263 3693 noris-

165 3734 293 3799 simum
317 3752 425 3817 usque
450 3734 537 3800 diem
565 3733 737 3817 professus
766 3737 831 3812 est,
859 3750 992 3798 summo
1020 3730 1148 3795 honore
1173 3730 1265 3813 sputi

166 3834 403 3903 Domitianum
418 3834 565 3914 habitus,
580 3854 602 3901 a
617 3856 683 3920 qno
699 3836 799 3901 etiarn
814 3841 868 3900 est
881 3852 964 3899 euro
986 3832 1133 3897 donatus
1154 3840 1187 3899 et
1204 3852 1264 3899 oo·

165 3957 267 4017 rone,
287 3936 387 4021 digno
411 3938 562 4021 principe
583 3956 663 4019 erga
687 3942 928 4021 praeceptorem
946 3952 1089 4001 munero.
1132 3933 1265 4001 Primus

164 4060 278 4127 genus
307 4052 415 4117 sunm,
438 4047 573 4124 propter
598 4042 747 4124 inopiam
774 4044 808 4103 et
838 4040 1018 4121 egestatem
1043 4036 1266 4116 obliteretum',

168 4144 368 4211 celebritate
388 4142 531 4208 nonnius
552 4142 683 4209 celebre
697 4143 788 4220 lecit,
802 4142 955 4226 adeoque
968 4138 1098 4225 eluunt,
1112 4146 1163 4218 ut,
1177 4140 1267 4224 quotl

170 4246 337 4327 Homero,
351 4246 383 4311 ei
398 4244 590 4327 contigerit;
606 4244 683 4311 due
701 4245 787 4311 enim
800 4246 909 4322 urbes,
924 4241 1027 4308 Selloe
1043 4238 1266 4325 Epirotarum,
