2992 4900
228 389 270 455 1⁶2
669 406 877 456 ranrurro.

227 549 415 614 concedatt
452 564 549 610 nemo
576 550 683 625 certe3
713 547 781 610 nisi
809 548 838 610 si
864 544 942 629 quis
966 551 1033 610 tam
1059 545 1161 611 durus
1185 547 1321 630 reperiri

227 657 340 733 queat,
355 655 393 711 nt
405 647 550 712 fateatur
571 665 607 710 se
630 653 744 713 vetera
756 654 792 710 et
805 647 894 710 falsa
915 665 1016 729 quam
1030 650 1178 712 recentia
1191 657 1227 714 et
1240 669 1321 718 vera

227 749 346 812 malle:
370 747 466 830 cujus
480 747 727 810 sinisteritatem
742 765 804 828 pro
821 745 949 829 jndicio
964 748 1144 829 suspicere,
1158 768 1213 814 nae
1226 757 1322 816 esset

226 848 387 913 indicium
400 847 520 912 mentis
533 847 684 924 iufirmm,
697 852 730 912 et
743 848 894 912 veritatis
907 847 1040 911 numine
1052 867 1169 930 pamm
1183 857 1319 918 contue-

227 957 283 1014 te.
325 947 520 1013 ‘Revereor
545 967 627 1013 sane
652 943 707 1032 (ut
729 949 786 1013 ille
809 949 871 1026 ait,
896 947 941 1013 ad
963 948 1097 1015 Livium
1121 965 1233 1015 xxrv.
1247 952 1320 1033 25.)

226 1049 368 1114 Veteres
382 1048 521 1128 Libros3
543 1050 591 1114 itn
605 1055 717 1114 tamen
732 1049 914 1114 utiliorum
930 1049 1133 1132 scripturam
1145 1069 1318 1136 nunqnam

225 1155 420 1232 praevertam
442 1150 475 1212 ei
490 1167 590 1232 quam
607 1149 702 1232 ipsos
716 1157 872 1213 auctores
885 1149 1060 1232 reliquisse
1074 1151 1231 1217 credibile
1244 1151 1319 1218 est!

227 1248 373 1329 Quando
387 1251 486 1331 igitur
500 1251 534 1314 in
547 1249 692 1314 Tantum
704 1249 846 1314 admitto
861 1245 1115 1334 Pcrtlaencpeque
1129 1271 1190 1332 pro
1204 1249 1319 1335 Major

225 1360 254 1413 et
268 1349 358 1420 iride:
389 1349 426 1414 St
440 1351 574 1436 conjunx
588 1371 649 1435 pro
667 1347 765 1434 Sylva
779 1371 863 1415 unu:
896 1346 1010 1433 Meque
1022 1350 1149 1414 habitur
1163 1372 1317 1437 moresque

225 1471 285 1533 pro
303 1451 407 1537 Atque
420 1449 480 1515 rtur·
492 1471 667 1536 morerque:
692 1449 837 1535 htcrymr'a
850 1467 911 1534 pro
930 1447 1049 1519 ocuttu
1082 1449 1238 1514 decmuvr't
1252 1472 1317 1534 pro

219 1552 403 1634 peroravit:
436 1557 471 1617 et
493 1558 626 1616 centnm
651 1551 722 1616 alia
746 1550 897 1634 ejusdem
920 1549 1073 1616 undecim
1093 1561 1127 1616 et
1145 1552 1317 1633 veritatis3

224 1654 322 1730 scito,
338 1653 467 1726 Lector,
480 1671 534 1714 rue
548 1651 635 1715 adeo
650 1671 714 1714 uon
728 1657 843 1733 petere
857 1650 999 1727 veniam,
1015 1659 1053 1714 ut
1064 1652 1163 1716 etiam
1177 1653 1238 1718 tibi
1251 1653 1317 1718 inr-

224 1761 346 1838 pntem.
388 1750 501 1834 Atque
516 1753 641 1815 utinam
661 1753 736 1834 pari
759 1751 956 1815 certitudine
976 1756 1086 1835 (plene
1100 1752 1317 1820 Mathemati-

224 1852 281 1935 ca)
302 1854 338 1916 in
357 1855 477 1918 ceteris
499 1851 692 1917 difficilibus
715 1852 800 1917 locis
814 1850 939 1914 versari
964 1854 1168 1934 potuissem!
1201 1855 1316 1926 omnin

223 1973 291 2018 nno
301 1953 416 2017 ordine
429 1953 631 2029 habuissem,
655 1951 806 2016 Catienis
827 1952 918 2016 mille
932 1952 1086 2018 ducentis
1100 1956 1315 2026 reclamanti-j

223 2056 295 2117 bus.
340 2054 433 2132 Quid
448 2056 537 2119 enim
562 2053 695 2118 referte
718 2072 787 2136 qua
805 2057 899 2136 perte
921 2054 1045 2132 veniat,
1065 2058 1165 2122 modo
1179 2059 1315 2136 venerit,

223 2156 370 2220 veritas'i
403 2155 522 2221 eadem
544 2162 597 2220 est
620 2154 708 2233 Dea,
732 2156 806 2219 sive
830 2174 852 2219 u
874 2174 928 2218 me
951 2161 985 2220 et
1006 2155 1149 2234 Cruoeo,
1171 2159 1245 2224 sive
1267 2158 1313 2223 ab

223 2256 367 2320 Heinsio
381 2263 415 2320 et
437 2255 609 2322 Gronovio
623 2257 656 2320 in
670 2256 780 2320 lucem
792 2253 996 2339 proferatur3
1016 2255 1083 2321 nisi
1095 2259 1314 2344 nobismetip-

223 2358 271 2421 sis
287 2366 357 2422 tam
378 2357 513 2440 maligni
528 2365 564 2422 et
577 2358 681 2442 iniqui
691 2356 827 2441 jndices
839 2377 915 2422 esse
928 2357 1094 2436 volumus,
1108 2365 1146 2423 ut
1159 2359 1253 2444 qnod
1266 2361 1313 2426 ab

219 2458 298 2525 eliis
321 2458 501 2549 proiectum
523 2478 586 2543 pro
608 2478 686 2523 vero
708 2458 821 2524 stetim
842 2458 1142 2542 amplecteremur3
1170 2460 1216 2537 id,
1231 2463 1315 2543 quia

221 2570 367 2625 nostrum
382 2568 448 2640 est,
461 2562 547 2625 inter
569 2561 671 2626 dubia
681 2562 894 2645 rejiciamusz
915 2580 991 2643 quae
1012 2560 1146 2644 quidem
1160 2559 1314 2635 diffiden-

221 2663 306 2727 tiae
327 2664 456 2747 judicio
482 2670 517 2727 et
538 2681 618 2727 vero
643 2662 793 2747 proiectu
815 2682 910 2746 aeque
933 2662 1031 2745 longe
1046 2670 1174 2727 remota
1188 2666 1252 2740 eet,
1266 2682 1311 2728 ac

221 2764 413 2848 oppositum
428 2762 503 2846 ejus
522 2760 668 2845 φιλαυτία.
716 2762 805 2827 Haec
828 2781 959 2845 semper
978 2763 1045 2827 eibi
1061 2762 1249 2845 applaudit,
1263 2772 1312 2843 et,

220 2865 299 2929 licet
312 2864 457 2941 fallatur,
472 2884 541 2928 rem
560 2865 646 2927 bene
666 2871 796 2945 gestem
815 2870 983 2927 autumat:
1011 2862 1071 2927 illa
1084 2883 1214 2946 semper
1228 2883 1311 2948 pen-

220 2965 276 3029 det
290 2972 324 3029 et
338 2963 476 3029 fluctuat
491 2964 594 3027 etiam
609 2966 643 3026 in
657 2964 759 3044 veris3
782 2970 872 3027 certe
894 2971 1004 3027 autern
1027 2971 1095 3028 tam
1109 2972 1233 3046 peccat
1251 2966 1312 3049 qni

219 3067 300 3131 nihil
314 3066 417 3129 credit
429 3083 527 3147 quam
543 3065 600 3147 qui
614 3064 752 3129 omnia:
782 3068 816 3127 et
837 3062 867 3126 si
890 3064 933 3127 ab
955 3062 1110 3128 alterutro
1131 3066 1239 3147 perire
1253 3086 1312 3131 ne·

220 3186 315 3230 cesse
330 3168 384 3242 sit,
394 3165 523 3229 felicior
536 3164 666 3228 videtur
680 3183 754 3227 sors
768 3164 867 3247 copia
881 3182 978 3247 quem
992 3164 1079 3227 same
1093 3166 1311 3247 pereuntium.

219 3268 289 3331 Sed
312 3266 453 3332 mediam
475 3266 561 3329 viam
585 3266 709 3329 insistit
725 3264 909 3348 judicium3
943 3284 1051 3347 neque
1073 3266 1163 3330 ultra
1184 3263 1311 3331 Venim

219 3366 436 3451 progreditur,
451 3386 556 3448 neque
572 3368 656 3430 citra
671 3365 795 3431 deficit.

264 3467 343 3531 Non
366 3473 476 3531 tamen
498 3466 579 3528 milri
601 3466 636 3528 in
660 3467 723 3529 bec
743 3472 836 3548 parte
851 3463 1077 3548 conjecturali,
1092 3483 1171 3546 qnae
1186 3468 1312 3549 cuique

218 3567 366 3633 maxime
380 3564 604 3643 adblanditur,
619 3584 750 3648 semper
775 3565 921 3630 indulsi:
943 3565 1004 3629 sed
1023 3566 1223 3650 ubicumque
1237 3558 1309 3633 erat

218 3668 419 3733 dubitationi
435 3666 544 3744 loeus,
559 3666 793 3749 conjecturam
808 3666 852 3729 ad
870 3666 971 3730 imam
991 3666 1150 3748 peginam
1165 3668 1310 3750 plerum-

218 3788 284 3851 que
298 3769 441 3832 detrusi:
472 3768 559 3831 unde
574 3776 671 3849 petes
695 3768 786 3845 licet,
802 3769 831 3830 si
846 3785 913 3831 non
928 3768 1039 3852 ipsum
1056 3768 1213 3846 Statium,
1228 3788 1308 3833 sen·

200 3888 293 3934 'sum
308 3873 418 3931 tumen
432 3866 567 3948 vulgato
580 3867 758 3949 potiorem,
781 3874 816 3931 et
839 3868 935 3951 cnjus
957 3867 993 3930 in
1017 3866 1120 3931 Notis
1143 3871 1307 3934 rationem

216 3970 368 4048 reddam;
392 3987 479 4050 quas
495 3968 575 4049 quia
596 3988 663 4031 non
684 3969 789 4033 otium
811 3976 869 4032 ant
883 3970 1013 4032 animus
1026 3968 1089 4032 tibi
1103 3968 1188 4033 forte
1201 3970 1306 4036 fuerit

216 4068 422 4145 consulendi,
442 4070 544 4133 statui
560 4068 623 4133 lroc
639 4076 739 4151 pecto
756 4065 908 4132 decidere
924 4086 999 4151 cum
1015 4068 1146 4133 deliciis
1161 4078 1197 4134 et
1211 4070 1306 4136 fasti-

216 4173 273 4237 dio
288 4178 356 4236 tuo.
401 4169 508 4235 Extra
522 4168 583 4233 hos
599 4168 681 4233 fines
696 4172 723 4234 si
739 4189 791 4235 me
814 4178 1009 4251 evagantem
1027 4190 1173 4253 nuquam
1187 4170 1306 4256 depre-
