2992 4900
215 377 240 442 ⁸
660 385 868 467 sacrario.

216 538 307 598 eruet
330 530 574 608 ‘insumendum
588 529 688 600 aliam
703 529 745 594 de
760 549 823 596 suo
840 529 973 611 benigni
988 529 1238 614 impingebaut;
1262 533 1310 597 de

215 649 317 700 seusu
329 631 452 709 seond,
466 631 566 696 modo
581 649 622 694 ue
635 630 814 696 violaretur
835 639 990 708 metram,
1011 639 1046 696 et
1067 633 1308 716 exemplarium

216 753 350 800 suornm
365 738 534 798 venustus.
579 732 659 798 Hoc
683 740 792 798 autem
808 732 911 797 semel
927 732 1089 812 admissu,
1111 753 1204 817 saepe
1217 735 1309 800 aeci·

216 835 267 900 dit
292 841 331 899 nt
357 834 488 918 reliqua
510 853 588 918 pars
617 853 734 900 versus
757 834 959 899 immutanda
982 842 1089 914 aaut,
1107 843 1148 900 ut
1169 855 1309 902 sensnm

215 935 402 1002 inductitias
431 936 511 999 voci
540 939 775 1018 congruentem
802 935 955 1000 haberetz
984 955 1052 1018 quo
1081 943 1194 1019 pacto,
1218 955 1310 1002 error

215 1055 302 1104 nnus
330 1035 580 1120 Interpoletoris
602 1038 656 1102 vul
681 1037 823 1103 librarii
845 1055 962 1101 ausam
983 1036 1078 1101 dedit
1097 1037 1229 1101 dnobus
1253 1037 1309 1102 vel

216 1138 325 1204 tribas
338 1136 479 1202 aliorum
493 1138 529 1200 in
543 1137 662 1202 eodem
685 1157 794 1204 remu.
838 1137 933 1200 Huic
957 1136 1148 1203 Scribarum
1171 1137 1308 1202 festina·

216 1239 310 1316 timi,
331 1237 387 1304 rel
411 1237 684 1321 Interpolatorum
699 1238 866 1315 audaciae,
889 1237 1008 1315 refero,
1019 1239 1110 1321 qnod
1123 1238 1217 1320 Sylv.
1233 1255 1259 1302 r.
1271 1239 1308 1302 2.

216 1359 277 1422 pro
291 1348 365 1404 uoto
372 1359 534 1424 precorque
548 1339 649 1421 vulgo
663 1339 783 1420 legitur
795 1337 897 1402 dena:
922 1348 959 1402 et
983 1339 1053 1403 tale
1072 1338 1200 1422 aliquid
1214 1339 1307 1404 acci·

216 1438 307 1506 disse
332 1441 488 1523 suspicor
511 1457 534 1502 ι.
550 1440 583 1502 ³.
597 1440 651 1503 21.
679 1439 735 1504 ubi
761 1438 852 1504 Anio
880 1439 1003 1504 fluvius
1028 1439 1153 1503 dicitnr
1176 1436 1308 1502 Scaeae.

217 1539 311 1604 Hinc
324 1541 425 1604 etiam
437 1541 529 1604 venit
544 1549 668 1623 portem
689 1557 751 1622 pro
771 1548 912 1610 noctem:
935 1537 1081 1602 Libertus
1099 1558 1162 1621 pro
1180 1535 1309 1603 Nobili«

217 1648 264 1704 uu
275 1664 287 1709 .·
300 1637 379 1704 uude
393 1655 453 1723 pro
467 1637 559 1703 laude
569 1663 581 1708 .·
593 1637 708 1723 fatcor
721 1658 784 1722 pro
794 1640 937 1722 porilem
963 1637 1109 1704 Moribus
1122 1659 1184 1723 pro
1201 1635 1310 1707 Faxi·

217 1739 289 1804 dur:
310 1742 387 1807 hinc
401 1741 534 1806 carmine
548 1761 609 1824 pro
625 1741 747 1806 uunriue
758 1763 770 1810 ,·
794 1761 916 1805 carrum
936 1761 999 1824 pro
1020 1739 1147 1810 limine:
1167 1739 1308 1804 mmurrn

215 1862 278 1926 pro
292 1853 448 1926 temporo,-
469 1841 611 1920 curuu’ua¹
623 1863 685 1927 pro
700 1863 848 1911 muneror
859 1843 980 1928 jugeru
994 1861 1055 1927 pro
1068 1861 1216 1910 muueror
1236 1837 1307 1906 usl-

215 1964 290 2006 uera
303 1963 363 2027 pro
371 1963 499 2006 munera
511 1942 649 2028 :succro
665 1964 728 2028 pro
740 1941 892 2012 vulnera,-
906 1943 1034 2006 uulnera
1048 1963 1109 2027 pro
1123 1964 1308 2017 raumara,-

204 2042 328 2126 suuero
339 2041 550 2128 profulmiuu
564 2043 711 2128 :puluere
724 2063 784 2127 pro
786 2042 923 2129 fulgure
934 2066 946 2112 ‚·
957 2053 1081 2126 pectora
1096 2063 1156 2128 pro
1170 2043 1307 2112 luminu:

215 2165 291 2229 quae
319 2145 432 2208 omnia
452 2146 530 2210 loca
556 2147 683 2212 restitui
711 2165 756 2210 ex
777 2145 840 2210 hac
862 2146 1046 2210 certissima
1065 2146 1191 2228 regrrla,
1213 2147 1307 2230 quod

214 2245 292 2310 hinc
308 2247 446 2310 stabant
466 2267 586 2313 sensus
608 2253 642 2312 et
664 2247 832 2328 elegantia
852 2254 885 2309 et
907 2249 1032 2310 usitata
1046 2247 1198 2324 mutatio,
1212 2249 1308 2313 illinc

214 2347 411 2429 pleramque
426 2347 624 2412 absurditas.
668 2346 805 2431 Quippe
817 2348 994 2412 noandum
1008 2352 1060 2411 est
1071 2349 1104 2410 in
1120 2346 1183 2412 hac
1198 2356 1306 2431 parte,

214 2468 281 2513 uon
308 2448 416 2513 solum
438 2449 530 2532 apud
562 2450 717 2526 Statium,
737 2450 798 2513 sed
819 2455 854 2513 et
876 2455 1003 2512 ceteros
1024 2468 1140 2513 ornnes
1163 2449 1306 2529 Poitas,

215 2568 317 2615 voces
330 2569 469 2629 munero,
483 2549 623 2628 uulnera,
645 2552 782 2626 uomina,
807 2547 1071 2637 detrinentum,
1082 2551 1307 2634 flamiamflu·

214 2649 311 2729 muru,
324 2648 478 2737 fulguru,
491 2648 649 2736 fulmina,
664 2649 797 2738 faunu,
817 2649 956 2727 numium
971 2671 1140 2731 munuera,
1154 2654 1307 2731 camiac,

215 2759 364 2835 temporo,
388 2750 541 2837 gerusian,
559 2752 716 2839 gramina,
739 2761 774 2819 et
793 2753 918 2817 similia
940 2754 1112 2837 trisyllaba
1125 2754 1305 2838 dactylica,

213 2872 305 2936 saepe
328 2853 362 2916 in
378 2852 464 2918 Mes.
480 2852 588 2917 Godd.
602 2874 662 2937 pro
676 2874 713 2919 se
729 2855 870 2919 invicem
884 2856 1042 2920 substitui
1053 2864 1088 2921 :⁴
1108 2874 1171 2921 uec
1184 2856 1307 2921 dubito

213 2954 291 3036 quin
307 2952 440 3021 AEneid.
458 2968 528 3017 xu-
542 2954 620 3019 518.
633 2956 691 3019 ubi
707 2974 792 3020 nunc
807 2956 945 3037 legitor:

471 3104 617 3185 piscosae
634 3106 686 3168 cui
703 3106 829 3171 circum
844 3104 980 3168 flumina
994 3104 1110 3169 Iaernae

298 3202 365 3268 Ars
380 3204 500 3281 inerat,
514 3224 707 3289 pauperque
724 3204 842 3271 domus
855 3225 864 3284 3
886 3225 948 3270 nec
962 3213 1041 3269 nota
1057 3210 1225 3289 potentum

214 3302 566 3489 Virgfflirlgesrcar’ipserit
589 3408 599 3439 ‘
617 3405 747 3469 Limina
760 3404 780 3484 ;'
814 3412 852 3468 ut
875 3404 964 3487 apud
985 3402 1172 3474 Martialem
1188 3404 1304 3489 Epigr.

216 3521 286 3570 m
299 3506 389 3672 ileum
405 3626 464 3690 per
477 3606 592 3670 limina
608 3614 640 3672 te
657 3607 893 3691 potentiorum,
909 3610 971 3670 tic.

213 3717 246 3781 et
261 3706 480 3772 Claudianum
496 3708 531 3769 in
545 3706 602 3771 Pr.
617 3706 720 3771 Cous.
736 3705 868 3771 Stilich.
885 3724 909 3771 1.
926 3706 980 3772 42.

469 3806 572 3873 nullis
585 3810 711 3877 harere
727 3816 899 3891 potentum

298 3906 485 4011 Liminibus
498 3930 506 3989 ;

245 4102 343 4153 l‘De
360 4100 410 4153 hec
427 4116 455 4151 re
477 4102 535 4152 ride
554 4102 649 4167 Georg.
666 4104 735 4153 Frid.
779 4104 867 4152 aiones
886 4105 914 4152 lu
936 4104 1057 4153 nonnulla
1079 4104 1110 4153 P.
1134 4104 1232 4167 Ouidii,
1252 4106 1304 4158 &e-

212 4177 456 4243 scopumsueberl
466 4178 737 4244 Gonjectsurcetopi·
776 4179 1045 4243 toee.Erlmg.1rso.
1062 4192 1089 4244 p·
1099 4183 1134 4229 ο)
1149 4180 1231 4234 tint.
