2992 4900
464 397 495 442 r.
519 395 663 446 rrrrrur
689 395 813 450 srsrrr
840 395 940 447 vrri.
1198 387 1243 453 25

144 543 245 620 atque
271 535 404 602 idcirco
430 536 542 603 durior
571 544 608 603 et
635 539 864 606 inconcinnior
889 541 1016 606 alicubi
1039 544 1241 627 quibusdam
1282 539 1287 547 ’

147 639 290 716 videtur,
313 657 417 724 quam
439 637 532 704 Junii
557 635 713 719 Maximi,
732 643 797 706 viri
809 643 1093 727 eloquentissimi,
1108 646 1241 730 judicio

146 741 344 825 monituque
373 741 569 824 publicavit.
625 742 865 810 Antimachum
892 753 1083 830 argumento
1112 757 1242 815 tuntum

144 842 309 922 imitatus,
323 863 400 908 nam
421 843 537 928 phrasi
560 845 617 909 ille
637 845 786 912 tumidus
808 853 843 911 et
863 847 973 926 laxus,
996 849 1052 915 hic
1079 850 1182 916 durus
1205 858 1242 916 et

146 948 281 1011 arctior.
326 945 413 1012 Item
429 945 591 1012 Achilleis
606 947 812 1032 imperfecta,
827 950 942 1034 inqua
956 951 1056 1036 longe
1069 953 1145 1036 plus
1160 953 1241 1019 dec·

147 1046 187 1110 tis
210 1048 426 1131 quibusdam,
450 1069 554 1134 quam
568 1051 603 1114 in
617 1050 787 1116 Thebaide
801 1060 960 1136 prostare
975 1053 1117 1120 videtur.
1160 1054 1240 1121 Non

147 1148 281 1216 defuere
296 1150 409 1231 etiam,
423 1153 480 1236 qui
494 1150 686 1219 Achilleida
699 1155 806 1238 ipsam
815 1155 997 1240 perfectam
1006 1155 1109 1222 inisse
1123 1156 1241 1222 existi·

145 1252 280 1332 marint,
301 1253 365 1320 sed
393 1253 567 1337 reliquum,
589 1254 681 1338 quod
705 1254 811 1333 deest,
836 1255 1053 1340 deperditum,
1078 1265 1118 1324 ut
1138 1258 1240 1324 etiam

146 1354 275 1420 diutius
300 1356 414 1441 Sylva
437 1356 578 1436 luerunt,
600 1357 670 1436 s'lii,
690 1358 782 1446 quod
795 1358 964 1439 habemus,
978 1361 1140 1444 integrum
1153 1381 1240 1442 esse,

145 1455 275 1541 utrique
297 1477 430 1542 magno,
455 1466 607 1546 utputo,
634 1462 701 1526 acti
723 1479 842 1539 errore,
861 1467 897 1526 et
909 1461 1095 1530 manifestis
1108 1463 1239 1547 pridem

146 1561 350 1639 argumentis
372 1561 518 1644 explosi.
562 1562 739 1628 Proditum
766 1568 829 1642 est,
852 1583 930 1629 cnm
945 1562 1134 1632 Achilleida
1147 1574 1239 1632 esset

145 1654 389 1745 descriptums,
403 1661 591 1748 Crispinum
604 1664 719 1731 Vectii
735 1665 858 1730 Bolani
873 1665 988 1745 tilium,
1009 1667 1139 1734 clarum
1153 1669 1240 1735 mili·

145 1761 191 1826 tia
199 1761 370 1846 juvenem,
392 1765 457 1830 sibi
471 1767 700 1852 proposuisse.
745 1767 932 1856 Utramque
947 1788 1026 1836 vero
1042 1769 1237 1856 Imperatori

145 1863 341 1930 Domitiano
361 1865 496 1933 heodr-
540 1867 667 1936 Extant
679 1876 715 1936 et
728 1872 875 1957 quinque
889 1870 1064 1956 Sylvarum
1083 1871 1170 1951 libri,
1191 1893 1238 1938 ex

146 1967 264 2049 quihus
279 1973 314 2033 et
326 1969 500 2035 vehemens
515 1969 548 2034 in
567 1991 609 2038 eo
631 1971 799 2056 poematis
821 1993 938 2057 genere
959 1974 1059 2054 illins,
1082 1982 1118 2039 et
1139 1993 1237 2057 poene

144 2070 377 2155 extemporule
403 2071 582 2156 ingenium,
607 2081 640 2141 et
665 2076 814 2141 subitum
843 2077 1058 2154 salutemur
1083 2076 1157 2158 ipse
1178 2077 1237 2154 ait,

142 2174 317 2257 percipere
331 2175 482 2257 possitis.
525 2176 580 2243 De
603 2178 727 2262 quihus
750 2177 884 2262 quidem
906 2177 1045 2266 Papinii
1059 2176 1172 2263 Sylris
1186 2177 1236 2242 sic

141 2272 349 2362 Apollinaris
362 2277 396 2342 iu
410 2277 703 2367 hendecasyllabo,
713 2281 759 2347 ad
770 2279 938 2348 Felicem:

359 2408 406 2476 At
421 2431 496 2478 cunr
512 2414 596 2481 sorte
610 2411 730 2501 pedum
743 2415 871 2482 minore
885 2409 1034 2501 rhythmo

285 2544 290 2551 ·
359 2512 473 2599 Pingit
485 2535 637 2599 gemmea
649 2522 748 2602 prata
761 2518 987 2603 Sylvniarnm.

141 2648 194 2715 Ex
209 2648 341 2729 iisdem,
357 2650 506 2734 inquam,
521 2652 633 2737 Sylris
652 2657 685 2717 et
707 2652 838 2720 amicos
862 2657 896 2717 et
919 2651 1096 2730 fortunam,
1111 2657 1146 2716 et
1160 2650 1235 2716 reii-

140 2772 242 2835 quam
267 2752 375 2837 ipsius
398 2751 512 2838 polita
536 2754 637 2821 vitam
658 2754 759 2821 facile
785 2752 1008 2838 cognoscetis.
1050 2752 1234 2836 Scripsisse

140 2860 308 2939 practerea
321 2854 517 2939 tragoediam
532 2876 552 2921 a
566 2856 730 2922 nonnullis
752 2857 986 2937 existimatum
1011 2853 1110 2939 idque
1130 2853 1236 2919 inre-

139 2957 227 3022 nalis
242 2956 377 3022 innuere
391 2957 531 3037 videtur,
552 2964 592 3023 nt
615 2978 696 3023 mox
718 2958 840 3025 dicam.
885 2957 965 3026 Non
984 2956 1124 3022 multum
1145 2955 1233 3023 adeo

140 3056 285 3123 Statium
301 3076 473 3123 asnorum
488 3066 675 3143 temporum
690 3058 920 3144 Scriptoribus
939 3063 1086 3125 amatum
1100 3076 1142 3123 ea
1155 3060 1233 3125 rati·

140 3178 201 3225 one
215 3158 352 3243 colligo,
368 3158 458 3245 quod
472 3162 515 3227 ab
530 3160 573 3227 iis
588 3161 664 3245 ejus
676 3162 801 3227 nullam
816 3162 883 3226 lere
898 3161 1096 3225 mentionem
1107 3159 1233 3225 sacram

140 3261 252 3342 video,
266 3269 492 3347 praeterquam
506 3265 548 3329 ab
563 3264 743 3344 Iuvenale,
770 3264 828 3347 qui
850 3268 884 3328 et
905 3261 998 3327 illum
1015 3261 1232 3347 perstringere

139 3364 254 3447 potins
282 3364 420 3431 satirica
446 3365 589 3447 videtur,
613 3385 715 3451 qnam
736 3360 888 3443 laudare,
909 3364 961 3430 ita
980 3363 1069 3429 enim
1084 3362 1174 3428 canit
1197 3362 1233 3427 in

139 3468 281 3551 septima
297 3486 305 3532 :

266 3578 416 3646 Cernitur
430 3580 473 3647 ad
489 3599 609 3649 rocem
621 3580 818 3667 jucundam,
831 3585 866 3647 et
880 3598 1014 3645 carmen
1028 3575 1145 3642 amicae

265 3681 471 3762 Thebaidos,
479 3684 592 3749 latam
606 3684 688 3749 lecit
701 3702 780 3749 cum
793 3681 923 3748 Statius
936 3680 1060 3756 urbem,

265 3782 495 3869 Promisitque
510 3784 600 3850 diem
612 3804 622 3867 ς
639 3788 736 3849 tanta
750 3783 930 3849 dulcedine
943 3784 1061 3864 captos

263 3882 380 3950 Allicit
393 3886 451 3951 illo
466 3888 609 3967 animos,
624 3892 784 3973 betaque
797 3885 937 3951 libidine
950 3881 1041 3967 vulgi

263 3983 425 4055 Auditur:
444 3987 506 4054 sed
521 4006 598 4055 cum
612 3988 712 4073 fregit
725 3987 891 4053 subsellia
904 4002 1015 4062 versu,
1067 3986 1075 3997 “

264 4088 389 4170 Esurit,
403 4092 565 4159 intactam
580 4092 696 4159 Paridi
711 4092 780 4157 nisi
793 4090 917 4158 vendat
927 4086 1089 4171 Agaven.

136 4216 210 4289 Nee
223 4216 308 4286 iliud
323 4219 359 4286 in
373 4222 556 4304 praesentia
568 4220 665 4288 vobis
679 4218 880 4298 reticuerim,
902 4212 994 4300 quod
1014 4218 1068 4279 est
1091 4212 1135 4279 ab
1156 4210 1231 4279 All-
