<?xml version="1.0" encoding="UTF-8"?>
<!DOCTYPE html PUBLIC "-//W3C//DTD XHTML 1.0 Transitional//EN"
    "http://www.w3.org/TR/xhtml1/DTD/xhtml1-transitional.dtd">
<html xmlns="http://www.w3.org/1999/xhtml" xml:lang="en" lang="en">
 <head>
  <title>
</title>
<meta http-equiv="Content-Type" content="text/html;charset=utf-8" />
  <meta name='ocr-system' content='tesseract 3.04.00' />
  <meta name='ocr-capabilities' content='ocr_page ocr_carea ocr_par ocr_line ocrx_word'/>
</head>
<body>
  <div class='ocr_page' id='page_1' title='image "./ppapiniistatiio03statgoog_0042.png"; bbox 0 0 2992 4900; ppageno 0'>
   <div class='ocr_carea' id='block_1_1' title="bbox 221 384 1141 452">
    <p class='ocr_par' dir='ltr' id='par_1_1' title="bbox 221 384 1141 452">
     <span class='ocr_line' id='line_1_1' title="bbox 221 384 1141 452; baseline -0.009 0"><span class='ocrx_word' id='word_1_1' title='bbox 221 384 269 452; x_wconf 66' lang='lat' dir='ltr'><strong>tt</strong></span> <span class='ocrx_word' id='word_1_2' title='bbox 535 395 743 446; x_wconf 71' lang='lat' dir='ltr'><strong>suenorum</strong></span> <span class='ocrx_word' id='word_1_3' title='bbox 767 393 1004 444; x_wconf 80' lang='lat' dir='ltr'><strong>rrsrrrrours</strong></span> <span class='ocrx_word' id='word_1_4' title='bbox 1136 399 1141 406; x_wconf 91' lang='lat'><strong>·</strong></span> 
     </span>
    </p>
   </div>
   <div class='ocr_carea' id='block_1_2' title="bbox 223 537 1317 732">
    <p class='ocr_par' dir='ltr' id='par_1_2' title="bbox 223 537 1317 732">
     <span class='ocr_line' id='line_1_2' title="bbox 223 537 1317 630; baseline -0.005 -20"><span class='ocrx_word' id='word_1_5' title='bbox 223 542 398 630; x_wconf 76' lang='lat' dir='ltr'><strong>praecepit,</strong></span> <span class='ocrx_word' id='word_1_6' title='bbox 412 539 537 620; x_wconf 85' lang='lat' dir='ltr'><strong>multis,</strong></span> <span class='ocrx_word' id='word_1_7' title='bbox 550 539 658 624; x_wconf 85' lang='lat' dir='ltr'><strong>iisque</strong></span> <span class='ocrx_word' id='word_1_8' title='bbox 671 537 848 623; x_wconf 76' lang='lat' dir='ltr'>purpureis</span> <span class='ocrx_word' id='word_1_9' title='bbox 857 537 1008 606; x_wconf 80' lang='lat' dir='ltr'><strong>locorum</strong></span> <span class='ocrx_word' id='word_1_10' title='bbox 1018 537 1181 618; x_wconf 84' lang='lat' dir='ltr'><strong>flosculis,</strong></span> <span class='ocrx_word' id='word_1_11' title='bbox 1189 537 1317 626; x_wconf 81' lang='lat' dir='ltr'><strong>prinus</strong></span> 
     </span>
     <span class='ocr_line' id='line_1_3' title="bbox 223 640 1018 732; baseline -0.006 -21"><span class='ocrx_word' id='word_1_12' title='bbox 223 666 316 732; x_wconf 85' lang='lat' dir='ltr'><strong>saepe</strong></span> <span class='ocrx_word' id='word_1_13' title='bbox 330 643 504 712; x_wconf 84' lang='lat' dir='ltr'><strong>inchoatas</strong></span> <span class='ocrx_word' id='word_1_14' title='bbox 514 642 669 708; x_wconf 64' lang='lat' dir='ltr'><strong>maurias</strong></span> <span class='ocrx_word' id='word_1_15' title='bbox 684 641 842 706; x_wconf 88' lang='lat' dir='ltr'><strong>decenter</strong></span> <span class='ocrx_word' id='word_1_16' title='bbox 856 640 1018 706; x_wconf 87' lang='lat' dir='ltr'><strong>extendit.</strong></span> 
     </span>
    </p>
   </div>
   <div class='ocr_carea' id='block_1_3' title="bbox 345 805 1195 885">
    <p class='ocr_par' dir='ltr' id='par_1_3' title="bbox 345 805 1195 885">
     <span class='ocr_line' id='line_1_4' title="bbox 345 805 1195 885; baseline -0.005 -7"><span class='ocrx_word' id='word_1_17' title='bbox 345 810 411 878; x_wconf 78' lang='lat' dir='ltr'><strong>An.</strong></span> <span class='ocrx_word' id='word_1_18' title='bbox 427 809 534 876; x_wconf 74' lang='lat' dir='ltr'><strong>Mani</strong></span> <span class='ocrx_word' id='word_1_19' title='bbox 549 809 661 876; x_wconf 75' lang='lat' dir='ltr'><strong>Seuer.</strong></span> <span class='ocrx_word' id='word_1_20' title='bbox 677 805 854 885; x_wconf 67' lang='lat' dir='ltr'><strong>Bodtlrius,</strong></span> <span class='ocrx_word' id='word_1_21' title='bbox 875 805 918 872; x_wconf 87' lang='lat' dir='ltr'><strong>de</strong></span> <span class='ocrx_word' id='word_1_22' title='bbox 934 805 1081 885; x_wconf 82' lang='lat' dir='ltr'><strong>Musica,</strong></span> <span class='ocrx_word' id='word_1_23' title='bbox 1094 807 1154 872; x_wconf 82' lang='lat' dir='ltr'><strong>tib.</strong></span> <span class='ocrx_word' id='word_1_24' title='bbox 1168 823 1195 874; x_wconf 86' lang='lat'><strong>1.</strong></span> 
     </span>
    </p>
   </div>
   <div class='ocr_carea' id='block_1_4' title="bbox 223 927 1318 1318">
    <p class='ocr_par' dir='ltr' id='par_1_4' title="bbox 223 927 1318 1318">
     <span class='ocr_line' id='line_1_5' title="bbox 267 927 1318 1012; baseline -0.004 -16"><span class='ocrx_word' id='word_1_25' title='bbox 267 931 310 996; x_wconf 89' lang='lat' dir='ltr'><strong>ld</strong></span> <span class='ocrx_word' id='word_1_26' title='bbox 323 932 423 996; x_wconf 74' lang='lat' dir='ltr'><strong>st&#39;unr</strong></span> <span class='ocrx_word' id='word_1_27' title='bbox 435 929 500 993; x_wconf 83' lang='lat' dir='ltr'><strong>tuit</strong></span> <span class='ocrx_word' id='word_1_28' title='bbox 513 927 658 1012; x_wconf 73' lang='lat' dir='ltr'><strong>antiquis</strong></span> <span class='ocrx_word' id='word_1_29' title='bbox 672 928 708 992; x_wconf 88' lang='lat' dir='ltr'><strong>in</strong></span> <span class='ocrx_word' id='word_1_30' title='bbox 721 945 815 992; x_wconf 87' lang='lat' dir='ltr'><strong>mora</strong></span> <span class='ocrx_word' id='word_1_31' title='bbox 828 927 992 1010; x_wconf 75' lang='lat' dir='ltr'><strong>positum,</strong></span> <span class='ocrx_word' id='word_1_32' title='bbox 1011 933 1051 992; x_wconf 91' lang='lat' dir='ltr'><strong>nt</strong></span> <span class='ocrx_word' id='word_1_33' title='bbox 1069 927 1219 994; x_wconf 85' lang='lat' dir='ltr'><strong>inetibns</strong></span> <span class='ocrx_word' id='word_1_34' title='bbox 1236 945 1318 992; x_wconf 79' lang='lat' dir='ltr'><strong>cau-</strong></span> 
     </span>
     <span class='ocr_line' id='line_1_6' title="bbox 223 1027 1317 1116; baseline -0.005 -16"><span class='ocrx_word' id='word_1_35' title='bbox 223 1041 278 1100; x_wconf 84' lang='lat' dir='ltr'><strong>tus</strong></span> <span class='ocrx_word' id='word_1_36' title='bbox 292 1034 384 1098; x_wconf 73' lang='lat' dir='ltr'><strong>tibiae</strong></span> <span class='ocrx_word' id='word_1_37' title='bbox 399 1033 541 1116; x_wconf 73' lang='lat' dir='ltr'><strong>praeiret.</strong></span> <span class='ocrx_word' id='word_1_38' title='bbox 594 1030 705 1096; x_wconf 80' lang='lat' dir='ltr'><strong>Testis</strong></span> <span class='ocrx_word' id='word_1_39' title='bbox 721 1036 776 1096; x_wconf 90' lang='lat' dir='ltr'><strong>est</strong></span> <span class='ocrx_word' id='word_1_40' title='bbox 789 1027 956 1114; x_wconf 76' lang='lat' dir='ltr'><strong>Papinius</strong></span> <span class='ocrx_word' id='word_1_41' title='bbox 969 1029 1101 1096; x_wconf 85' lang='lat' dir='ltr'><strong>Statius</strong></span> <span class='ocrx_word' id='word_1_42' title='bbox 1113 1031 1179 1096; x_wconf 86' lang='lat' dir='ltr'><strong>hoe</strong></span> <span class='ocrx_word' id='word_1_43' title='bbox 1189 1049 1291 1096; x_wconf 78' lang='lat' dir='ltr'><strong>versu</strong></span> <span class='ocrx_word' id='word_1_44' title='bbox 1307 1048 1317 1095; x_wconf 78' lang='lat' dir='ltr'><strong>r</strong></span> 
     </span>
     <span class='ocr_line' id='line_1_7' title="bbox 567 1131 1061 1215; baseline 0 -17"><span class='ocrx_word' id='word_1_45' title='bbox 567 1131 679 1198; x_wconf 81' lang='lat' dir='ltr'><strong>Cornu</strong></span> <span class='ocrx_word' id='word_1_46' title='bbox 694 1151 794 1215; x_wconf 82' lang='lat' dir='ltr'><strong>grave</strong></span> <span class='ocrx_word' id='word_1_47' title='bbox 806 1131 916 1215; x_wconf 73' lang='lat' dir='ltr'><strong>mugit</strong></span> <span class='ocrx_word' id='word_1_48' title='bbox 928 1132 1061 1198; x_wconf 82' lang='lat' dir='ltr'><strong>adunes</strong></span> 
     </span>
     <span class='ocr_line' id='line_1_8' title="bbox 394 1233 1195 1318; baseline -0.001 -17"><span class='ocrx_word' id='word_1_49' title='bbox 394 1235 506 1314; x_wconf 79' lang='lat' dir='ltr'><strong>Tibia,</strong></span> <span class='ocrx_word' id='word_1_50' title='bbox 520 1234 573 1300; x_wconf 89' lang='lat' dir='ltr'><strong>eui</strong></span> <span class='ocrx_word' id='word_1_51' title='bbox 584 1239 714 1299; x_wconf 83' lang='lat' dir='ltr'><strong>teneros</strong></span> <span class='ocrx_word' id='word_1_52' title='bbox 728 1238 862 1300; x_wconf 73' lang='lat' dir='ltr'><strong>suemru</strong></span> <span class='ocrx_word' id='word_1_53' title='bbox 877 1233 1059 1318; x_wconf 84' lang='lat' dir='ltr'><strong>prudueare</strong></span> <span class='ocrx_word' id='word_1_54' title='bbox 1072 1253 1195 1300; x_wconf 79' lang='lat' dir='ltr'><strong>manaa</strong></span> 
     </span>
    </p>
   </div>
   <div class='ocr_carea' id='block_1_5' title="bbox 268 1377 986 1683">
    <p class='ocr_par' dir='ltr' id='par_1_5' title="bbox 268 1377 986 1683">
     <span class='ocr_line' id='line_1_9' title="bbox 560 1377 986 1444; baseline 0.005 -2"><span class='ocrx_word' id='word_1_55' title='bbox 560 1377 735 1444; x_wconf 86' lang='lat' dir='ltr'><strong>Ennudins</strong></span> <span class='ocrx_word' id='word_1_56' title='bbox 749 1377 862 1444; x_wconf 77' lang='lat' dir='ltr'><strong>Cam.</strong></span> <span class='ocrx_word' id='word_1_57' title='bbox 879 1393 986 1444; x_wconf 80' lang='lat' dir='ltr'><strong>um.</strong></span> 
     </span>
     <span class='ocr_line' id='line_1_10' title="bbox 397 1495 934 1564; baseline 0 -2"><span class='ocrx_word' id='word_1_58' title='bbox 397 1497 551 1563; x_wconf 83' lang='lat' dir='ltr'><strong>‘Pierius</strong></span> <span class='ocrx_word' id='word_1_59' title='bbox 565 1497 669 1563; x_wconf 89' lang='lat' dir='ltr'><strong>menti</strong></span> <span class='ocrx_word' id='word_1_60' title='bbox 684 1497 780 1564; x_wconf 71' lang='lat' dir='ltr'><strong>ester</strong></span> <span class='ocrx_word' id='word_1_61' title='bbox 792 1495 934 1562; x_wconf 67' lang='lat' dir='ltr'><strong>inridit?</strong></span> 
     </span>
     <span class='ocr_line' id='line_1_11' title="bbox 268 1597 641 1683; baseline -0.013 -17"><span class='ocrx_word' id='word_1_62' title='bbox 268 1597 362 1668; x_wconf 75' lang='lat' dir='ltr'><strong>Noa</strong></span> <span class='ocrx_word' id='word_1_63' title='bbox 377 1599 480 1666; x_wconf 79' lang='lat' dir='ltr'><strong>verba</strong></span> <span class='ocrx_word' id='word_1_64' title='bbox 492 1599 641 1683; x_wconf 86' lang='lat' dir='ltr'><strong>Papinii.</strong></span> 
     </span>
    </p>
   </div>
   <div class='ocr_carea' id='block_1_6' title="bbox 228 1747 1276 2057">
    <p class='ocr_par' dir='ltr' id='par_1_6' title="bbox 228 1747 1276 2057">
     <span class='ocr_line' id='line_1_12' title="bbox 399 1747 1139 1850; baseline -0.005 -33"><span class='ocrx_word' id='word_1_65' title='bbox 399 1748 548 1850; x_wconf 83' lang='lat' dir='ltr'><strong>Isidorus</strong></span> <span class='ocrx_word' id='word_1_66' title='bbox 560 1750 618 1816; x_wconf 87' lang='lat' dir='ltr'><strong>lib.</strong></span> <span class='ocrx_word' id='word_1_67' title='bbox 632 1750 674 1815; x_wconf 90' lang='lat' dir='ltr'><strong>de</strong></span> <span class='ocrx_word' id='word_1_68' title='bbox 690 1747 819 1816; x_wconf 85' lang='lat' dir='ltr'><strong>Rerum</strong></span> <span class='ocrx_word' id='word_1_69' title='bbox 834 1749 870 1816; x_wconf 89' lang='lat' dir='ltr'>N</span> <span class='ocrx_word' id='word_1_70' title='bbox 871 1753 978 1830; x_wconf 80' lang='lat' dir='ltr'><strong>atara,</strong></span> <span class='ocrx_word' id='word_1_71' title='bbox 993 1769 1069 1836; x_wconf 85' lang='lat' dir='ltr'><strong>cap.</strong></span> <span class='ocrx_word' id='word_1_72' title='bbox 1082 1749 1139 1815; x_wconf 84' lang='grc'><strong>30.</strong></span> 
     </span>
     <span class='ocr_line' id='line_1_13' title="bbox 228 1866 1276 1952; baseline 0.001 -20"><span class='ocrx_word' id='word_1_73' title='bbox 228 1866 266 1933; x_wconf 87' lang='lat' dir='ltr'><strong>Si</strong></span> <span class='ocrx_word' id='word_1_74' title='bbox 279 1866 405 1952; x_wconf 79' lang='lat' dir='ltr'><strong>lignum</strong></span> <span class='ocrx_word' id='word_1_75' title='bbox 415 1869 506 1952; x_wconf 79' lang='lat' dir='ltr'><strong>ligna</strong></span> <span class='ocrx_word' id='word_1_76' title='bbox 519 1873 618 1945; x_wconf 82' lang='lat' dir='ltr'><strong>teres,</strong></span> <span class='ocrx_word' id='word_1_77' title='bbox 633 1867 742 1950; x_wconf 78' lang='lat' dir='ltr'><strong>ignem</strong></span> <span class='ocrx_word' id='word_1_78' title='bbox 758 1867 887 1934; x_wconf 86' lang='lat' dir='ltr'><strong>emittit.</strong></span> <span class='ocrx_word' id='word_1_79' title='bbox 931 1867 1031 1934; x_wconf 88' lang='lat' dir='ltr'><strong>Unde</strong></span> <span class='ocrx_word' id='word_1_80' title='bbox 1045 1874 1079 1934; x_wconf 89' lang='lat' dir='ltr'><strong>et</strong></span> <span class='ocrx_word' id='word_1_81' title='bbox 1089 1866 1253 1952; x_wconf 80' lang='lat' dir='ltr'><strong>Papinius</strong></span> <span class='ocrx_word' id='word_1_82' title='bbox 1267 1888 1276 1933; x_wconf 72' lang='grc' dir='ltr'><strong>ε</strong></span> 
     </span>
     <span class='ocr_line' id='line_1_14' title="bbox 355 1969 1189 2057; baseline 0 -23"><span class='ocrx_word' id='word_1_83' title='bbox 355 1969 569 2054; x_wconf 71' lang='lat' dir='ltr'><strong>Fulguraque</strong></span> <span class='ocrx_word' id='word_1_84' title='bbox 583 1971 707 2038; x_wconf 76' lang='lat' dir='ltr'><strong>attritis</strong></span> <span class='ocrx_word' id='word_1_85' title='bbox 721 1971 852 2054; x_wconf 86' lang='lat' dir='ltr'><strong>quoties</strong></span> <span class='ocrx_word' id='word_1_86' title='bbox 866 1969 1010 2036; x_wconf 80' lang='lat' dir='ltr'><strong>micuere</strong></span> <span class='ocrx_word' id='word_1_87' title='bbox 1024 1970 1189 2057; x_wconf 73' lang='lat' dir='ltr'><strong>praedite.</strong></span> 
     </span>
    </p>
   </div>
   <div class='ocr_carea' id='block_1_7' title="bbox 520 2127 1033 2216">
    <p class='ocr_par' dir='ltr' id='par_1_7' title="bbox 520 2127 1033 2216">
     <span class='ocr_line' id='line_1_15' title="bbox 520 2127 1033 2216; baseline -0.004 -22"><span class='ocrx_word' id='word_1_88' title='bbox 520 2127 617 2194; x_wconf 88' lang='lat' dir='ltr'><strong>Idem</strong></span> <span class='ocrx_word' id='word_1_89' title='bbox 632 2128 725 2216; x_wconf 78' lang='lat' dir='ltr'><strong>Orig.</strong></span> <span class='ocrx_word' id='word_1_90' title='bbox 738 2130 800 2195; x_wconf 85' lang='lat' dir='ltr'><strong>lib.</strong></span> <span class='ocrx_word' id='word_1_91' title='bbox 816 2143 873 2194; x_wconf 75' lang='grc' dir='ltr'><strong>ιιι.</strong></span> <span class='ocrx_word' id='word_1_92' title='bbox 886 2147 966 2215; x_wconf 82' lang='lat' dir='ltr'><strong>cap.</strong></span> <span class='ocrx_word' id='word_1_93' title='bbox 978 2131 1033 2194; x_wconf 87' lang='grc'><strong>70.</strong></span> 
     </span>
    </p>
   </div>
   <div class='ocr_carea' id='block_1_8' title="bbox 230 2245 1323 2621">
    <p class='ocr_par' dir='ltr' id='par_1_8' title="bbox 230 2245 1323 2621">
     <span class='ocr_line' id='line_1_16' title="bbox 271 2245 1323 2332; baseline 0.002 -22"><span class='ocrx_word' id='word_1_94' title='bbox 271 2245 410 2310; x_wconf 83' lang='lat' dir='ltr'><strong>‘Fertur</strong></span> <span class='ocrx_word' id='word_1_95' title='bbox 423 2245 515 2332; x_wconf 88' lang='lat' dir='ltr'><strong>quod</strong></span> <span class='ocrx_word' id='word_1_96' title='bbox 529 2246 602 2312; x_wconf 71' lang='lat' dir='ltr'><strong>haec</strong></span> <span class='ocrx_word' id='word_1_97' title='bbox 616 2246 714 2311; x_wconf 82' lang='lat' dir='ltr'><strong>stella</strong></span> <span class='ocrx_word' id='word_1_98' title='bbox 729 2247 839 2312; x_wconf 85' lang='lat' dir='ltr'><strong>oriens</strong></span> <span class='ocrx_word' id='word_1_99' title='bbox 854 2246 1056 2325; x_wconf 83' lang='lat' dir='ltr'><strong>Luciferum,</strong></span> <span class='ocrx_word' id='word_1_100' title='bbox 1066 2246 1223 2313; x_wconf 82' lang='lat' dir='ltr'><strong>occidens</strong></span> <span class='ocrx_word' id='word_1_101' title='bbox 1234 2246 1323 2312; x_wconf 86' lang='lat' dir='ltr'><strong>Ves-</strong></span> 
     </span>
     <span class='ocr_line' id='line_1_17' title="bbox 230 2345 756 2432; baseline 0 -20"><span class='ocrx_word' id='word_1_102' title='bbox 230 2365 345 2430; x_wconf 86' lang='lat' dir='ltr'><strong>perum</strong></span> <span class='ocrx_word' id='word_1_103' title='bbox 358 2345 452 2428; x_wconf 76' lang='lat' dir='ltr'><strong>aut,</strong></span> <span class='ocrx_word' id='word_1_104' title='bbox 468 2347 509 2412; x_wconf 90' lang='lat' dir='ltr'><strong>de</strong></span> <span class='ocrx_word' id='word_1_105' title='bbox 525 2365 594 2432; x_wconf 86' lang='lat' dir='ltr'><strong>qna</strong></span> <span class='ocrx_word' id='word_1_106' title='bbox 608 2346 756 2412; x_wconf 84' lang='lat' dir='ltr'><strong>Statius:</strong></span> 
     </span>
     <span class='ocr_line' id='line_1_18' title="bbox 337 2448 1228 2537; baseline 0.002 -21"><span class='ocrx_word' id='word_1_107' title='bbox 337 2459 372 2516; x_wconf 88' lang='lat' dir='ltr'><strong>et</strong></span> <span class='ocrx_word' id='word_1_108' title='bbox 385 2450 507 2517; x_wconf 85' lang='lat' dir='ltr'><strong>alterne</strong></span> <span class='ocrx_word' id='word_1_109' title='bbox 522 2450 711 2534; x_wconf 82' lang='lat' dir='ltr'><strong>deperditur</strong></span> <span class='ocrx_word' id='word_1_110' title='bbox 723 2448 970 2537; x_wconf 78' lang='lat' dir='ltr'><strong>[deprenditur]</strong></span> <span class='ocrx_word' id='word_1_111' title='bbox 984 2470 1071 2517; x_wconf 86' lang='lat' dir='ltr'><strong>unns</strong></span> <span class='ocrx_word' id='word_1_112' title='bbox 1084 2452 1118 2515; x_wconf 90' lang='lat' dir='ltr'><strong>in</strong></span> <span class='ocrx_word' id='word_1_113' title='bbox 1131 2448 1228 2518; x_wconf 70' lang='lat' dir='ltr'><strong>ertu!</strong></span> 
     </span>
     <span class='ocr_line' id='line_1_19' title="bbox 826 2552 1267 2621; baseline 0.002 -4"><span class='ocrx_word' id='word_1_114' title='bbox 826 2552 920 2619; x_wconf 88' lang='lat' dir='ltr'><strong>Serv.</strong></span> <span class='ocrx_word' id='word_1_115' title='bbox 937 2553 981 2618; x_wconf 90' lang='lat' dir='ltr'><strong>ad</strong></span> <span class='ocrx_word' id='word_1_116' title='bbox 998 2554 1076 2619; x_wconf 80' lang='lat' dir='ltr'><strong>AEn.</strong></span> <span class='ocrx_word' id='word_1_117' title='bbox 1093 2570 1177 2621; x_wconf 85' lang='lat' dir='ltr'><strong>vrrr.</strong></span> <span class='ocrx_word' id='word_1_118' title='bbox 1192 2554 1267 2621; x_wconf 76' lang='grc'><strong>090.</strong></span> 
     </span>
    </p>
   </div>
   <div class='ocr_carea' id='block_1_9' title="bbox 572 2703 979 2788">
    <p class='ocr_par' dir='ltr' id='par_1_9' title="bbox 572 2703 979 2788">
     <span class='ocr_line' id='line_1_20' title="bbox 572 2703 979 2788; baseline -0.007 -17"><span class='ocrx_word' id='word_1_119' title='bbox 572 2704 665 2771; x_wconf 88' lang='lat' dir='ltr'><strong>Idem</strong></span> <span class='ocrx_word' id='word_1_120' title='bbox 681 2704 740 2769; x_wconf 89' lang='lat' dir='ltr'><strong>lib.</strong></span> <span class='ocrx_word' id='word_1_121' title='bbox 757 2719 840 2768; x_wconf 84' lang='lat' dir='ltr'><strong>xrv.</strong></span> <span class='ocrx_word' id='word_1_122' title='bbox 854 2723 933 2788; x_wconf 86' lang='lat' dir='ltr'><strong>cap.</strong></span> <span class='ocrx_word' id='word_1_123' title='bbox 947 2703 979 2770; x_wconf 87' lang='grc'><strong>8.</strong></span> 
     </span>
    </p>
   </div>
   <div class='ocr_carea' id='block_1_10' title="bbox 230 2820 1325 3139">
    <p class='ocr_par' dir='ltr' id='par_1_10' title="bbox 230 2820 1325 3139">
     <span class='ocr_line' id='line_1_21' title="bbox 272 2820 1325 2907; baseline 0.002 -20"><span class='ocrx_word' id='word_1_124' title='bbox 272 2826 285 2859; x_wconf 84' lang='lat'><em>‘</em></span> <span class='ocrx_word' id='word_1_125' title='bbox 294 2820 429 2901; x_wconf 80' lang='lat' dir='ltr'><strong>AErtiua,</strong></span> <span class='ocrx_word' id='word_1_126' title='bbox 452 2820 617 2889; x_wconf 87' lang='lat' dir='ltr'><strong>suntloca</strong></span> <span class='ocrx_word' id='word_1_127' title='bbox 638 2824 808 2901; x_wconf 85' lang='lat' dir='ltr'><strong>umbrosa,</strong></span> <span class='ocrx_word' id='word_1_128' title='bbox 821 2822 946 2907; x_wconf 88' lang='lat' dir='ltr'><strong>quibus</strong></span> <span class='ocrx_word' id='word_1_129' title='bbox 967 2842 1027 2907; x_wconf 89' lang='lat' dir='ltr'><strong>per</strong></span> <span class='ocrx_word' id='word_1_130' title='bbox 1048 2829 1198 2889; x_wconf 73' lang='lat' dir='ltr'><strong>aestatem</strong></span> <span class='ocrx_word' id='word_1_131' title='bbox 1212 2822 1325 2889; x_wconf 84' lang='lat' dir='ltr'><strong>vitent</strong></span> 
     </span>
     <span class='ocr_line' id='line_1_22' title="bbox 230 2924 1324 3011; baseline 0 -20"><span class='ocrx_word' id='word_1_132' title='bbox 230 2945 356 3011; x_wconf 89' lang='lat' dir='ltr'><strong>pecora</strong></span> <span class='ocrx_word' id='word_1_133' title='bbox 379 2924 470 2990; x_wconf 87' lang='lat' dir='ltr'><strong>Solis</strong></span> <span class='ocrx_word' id='word_1_134' title='bbox 486 2925 645 2990; x_wconf 84' lang='lat' dir='ltr'><strong>ardorem.</strong></span> <span class='ocrx_word' id='word_1_135' title='bbox 690 2924 841 2990; x_wconf 87' lang='lat' dir='ltr'><strong>Statius:</strong></span> <span class='ocrx_word' id='word_1_136' title='bbox 865 2924 911 2990; x_wconf 87' lang='lat' dir='ltr'><strong>Et</strong></span> <span class='ocrx_word' id='word_1_137' title='bbox 930 2926 1078 2990; x_wconf 84' lang='lat' dir='ltr'><strong>umbrosi</strong></span> <span class='ocrx_word' id='word_1_138' title='bbox 1101 2931 1237 3009; x_wconf 80' lang='lat' dir='ltr'><strong>patuere</strong></span> <span class='ocrx_word' id='word_1_139' title='bbox 1257 2945 1324 2991; x_wconf 84' lang='lat' dir='ltr'><strong>aes·</strong></span> 
     </span>
     <span class='ocr_line' id='line_1_23' title="bbox 230 3024 1259 3139; baseline 0 -48"><span class='ocrx_word' id='word_1_140' title='bbox 230 3028 302 3093; x_wconf 84' lang='lat' dir='ltr'><strong>tiva</strong></span> <span class='ocrx_word' id='word_1_141' title='bbox 316 3024 454 3112; x_wconf 65' lang='lat' dir='ltr'><strong>Lycoeil</strong></span> <span class='ocrx_word' id='word_1_142' title='bbox 497 3028 580 3093; x_wconf 85' lang='lat' dir='ltr'><strong>Sunt</strong></span> <span class='ocrx_word' id='word_1_143' title='bbox 590 3030 693 3094; x_wconf 85' lang='lat' dir='ltr'><strong>verba</strong></span> <span class='ocrx_word' id='word_1_144' title='bbox 719 3028 826 3093; x_wconf 79' lang='lat' dir='ltr'><strong>Servii</strong></span> <span class='ocrx_word' id='word_1_145' title='bbox 842 3026 886 3093; x_wconf 86' lang='lat' dir='ltr'><strong>ud</strong></span> <span class='ocrx_word' id='word_1_146' title='bbox 898 3024 1098 3111; x_wconf 77' lang='lat' dir='ltr'><strong>Georgicum</strong></span> <span class='ocrx_word' id='word_1_147' title='bbox 1114 3043 1170 3139; x_wconf 79' lang='lat'><strong>,¹¹¹&#39;</strong></span> <span class='ocrx_word' id='word_1_148' title='bbox 1184 3029 1259 3093; x_wconf 79' lang='lat'><strong>4⁷2.</strong></span> 
     </span>
    </p>
   </div>
   <div class='ocr_carea' id='block_1_11' title="bbox 329 3175 1226 3262">
    <p class='ocr_par' dir='ltr' id='par_1_11' title="bbox 329 3175 1226 3262">
     <span class='ocr_line' id='line_1_24' title="bbox 329 3175 1226 3262; baseline -0.002 -20"><span class='ocrx_word' id='word_1_149' title='bbox 329 3175 517 3262; x_wconf 85' lang='lat' dir='ltr'><strong>Aymoinus</strong></span> <span class='ocrx_word' id='word_1_150' title='bbox 532 3179 575 3245; x_wconf 90' lang='lat' dir='ltr'><strong>de</strong></span> <span class='ocrx_word' id='word_1_151' title='bbox 591 3178 707 3247; x_wconf 86' lang='lat' dir='ltr'><strong>Gestis</strong></span> <span class='ocrx_word' id='word_1_152' title='bbox 722 3179 943 3259; x_wconf 83' lang='lat' dir='ltr'><strong>Francorum,</strong></span> <span class='ocrx_word' id='word_1_153' title='bbox 959 3179 1021 3245; x_wconf 85' lang='lat' dir='ltr'><strong>lib.</strong></span> <span class='ocrx_word' id='word_1_154' title='bbox 1039 3196 1089 3243; x_wconf 78' lang='grc' dir='ltr'><strong>ιν.</strong></span> <span class='ocrx_word' id='word_1_155' title='bbox 1103 3198 1179 3262; x_wconf 81' lang='lat' dir='ltr'><strong>cap.</strong></span> <span class='ocrx_word' id='word_1_156' title='bbox 1195 3181 1226 3244; x_wconf 93' lang='grc'><strong>1.</strong></span> 
     </span>
    </p>
   </div>
   <div class='ocr_carea' id='block_1_12' title="bbox 230 3293 1329 3789">
    <p class='ocr_par' dir='ltr' id='par_1_12' title="bbox 230 3293 1329 3789">
     <span class='ocr_line' id='line_1_25' title="bbox 273 3293 1302 3380; baseline 0 -19"><span class='ocrx_word' id='word_1_157' title='bbox 273 3298 285 3331; x_wconf 84' lang='lat'>‘</span> <span class='ocrx_word' id='word_1_158' title='bbox 298 3294 441 3380; x_wconf 78' lang='lat' dir='ltr'><strong>Nequeo</strong></span> <span class='ocrx_word' id='word_1_159' title='bbox 453 3296 524 3361; x_wconf 88' lang='lat' dir='ltr'><strong>sine</strong></span> <span class='ocrx_word' id='word_1_160' title='bbox 537 3297 694 3380; x_wconf 86' lang='lat' dir='ltr'><strong>lacrymis</strong></span> <span class='ocrx_word' id='word_1_161' title='bbox 709 3316 872 3363; x_wconf 69' lang='lat' dir='ltr'><strong>aerumnas</strong></span> <span class='ocrx_word' id='word_1_162' title='bbox 885 3315 971 3362; x_wconf 81' lang='lat' dir='ltr'><strong>maus</strong></span> <span class='ocrx_word' id='word_1_163' title='bbox 987 3296 1107 3361; x_wconf 82' lang='lat' dir='ltr'><strong>reterre</strong></span> <span class='ocrx_word' id='word_1_164' title='bbox 1121 3293 1302 3361; x_wconf 78' lang='lat' dir='ltr'><strong>orbitatis:</strong></span> 
     </span>
     <span class='ocr_line' id='line_1_26' title="bbox 404 3397 1009 3483; baseline 0 -21"><span class='ocrx_word' id='word_1_165' title='bbox 404 3397 580 3463; x_wconf 78' lang='lat' dir='ltr'><strong>Fraternas</strong></span> <span class='ocrx_word' id='word_1_166' title='bbox 592 3400 680 3464; x_wconf 83' lang='lat' dir='ltr'><strong>acies</strong></span> <span class='ocrx_word' id='word_1_167' title='bbox 692 3401 884 3483; x_wconf 86' lang='lat' dir='ltr'><strong>alternaque</strong></span> <span class='ocrx_word' id='word_1_168' title='bbox 899 3398 1009 3476; x_wconf 86' lang='lat' dir='ltr'><strong>Belia,</strong></span> 
     </span>
     <span class='ocr_line' id='line_1_27' title="bbox 230 3498 1196 3584; baseline 0.003 -19"><span class='ocrx_word' id='word_1_169' title='bbox 230 3516 308 3584; x_wconf 77' lang='lat' dir='ltr'><strong>quae</strong></span> <span class='ocrx_word' id='word_1_170' title='bbox 322 3498 474 3582; x_wconf 77' lang='lat' dir='ltr'><strong>profanis</strong></span> <span class='ocrx_word' id='word_1_171' title='bbox 490 3498 866 3567; x_wconf 67' lang='lat' dir='ltr'><strong>decoratasuntodiis:</strong></span> <span class='ocrx_word' id='word_1_172' title='bbox 1192 3514 1196 3523; x_wconf 90' lang='grc'><strong>’</strong></span> 
     </span>
     <span class='ocr_line' id='line_1_28' title="bbox 274 3600 1329 3685; baseline 0 -20"><span class='ocrx_word' id='word_1_173' title='bbox 274 3600 361 3665; x_wconf 77' lang='lat' dir='ltr'><strong>Sunt</strong></span> <span class='ocrx_word' id='word_1_174' title='bbox 372 3602 474 3666; x_wconf 82' lang='lat' dir='ltr'><strong>verba</strong></span> <span class='ocrx_word' id='word_1_175' title='bbox 490 3600 649 3669; x_wconf 80' lang='lat' dir='ltr'><strong>clotharii</strong></span> <span class='ocrx_word' id='word_1_176' title='bbox 664 3604 776 3685; x_wconf 74' lang='lat' dir='ltr'><strong>Regis</strong></span> <span class='ocrx_word' id='word_1_177' title='bbox 790 3603 836 3668; x_wconf 89' lang='lat' dir='ltr'><strong>ad</strong></span> <span class='ocrx_word' id='word_1_178' title='bbox 857 3602 1096 3682; x_wconf 80' lang='lat' dir='ltr'><strong>Brunieisitdiu,</strong></span> <span class='ocrx_word' id='word_1_179' title='bbox 1109 3622 1192 3667; x_wconf 82' lang='lat' dir='ltr'><strong>mox</strong></span> <span class='ocrx_word' id='word_1_180' title='bbox 1207 3602 1329 3667; x_wconf 85' lang='lat' dir='ltr'><strong>erude-</strong></span> 
     </span>
     <span class='ocr_line' id='line_1_29' title="bbox 231 3702 565 3789; baseline 0.006 -22"><span class='ocrx_word' id='word_1_181' title='bbox 231 3702 311 3768; x_wconf 87' lang='lat' dir='ltr'><strong>liter</strong></span> <span class='ocrx_word' id='word_1_182' title='bbox 324 3702 565 3789; x_wconf 85' lang='lat' dir='ltr'><strong>perimendam.</strong></span> 
     </span>
    </p>
   </div>
   <div class='ocr_carea' id='block_1_13' title="bbox 500 3847 1067 3936">
    <p class='ocr_par' dir='ltr' id='par_1_13' title="bbox 500 3847 1067 3936">
     <span class='ocr_line' id='line_1_30' title="bbox 500 3847 1067 3936; baseline 0 -23"><span class='ocrx_word' id='word_1_183' title='bbox 500 3847 683 3929; x_wconf 85' lang='lat' dir='ltr'><strong>Gunterus,</strong></span> <span class='ocrx_word' id='word_1_184' title='bbox 698 3848 856 3936; x_wconf 70' lang='lat' dir='ltr'><strong>ligurini,</strong></span> <span class='ocrx_word' id='word_1_185' title='bbox 870 3850 929 3917; x_wconf 82' lang='lat' dir='ltr'><strong>lib.</strong></span> <span class='ocrx_word' id='word_1_186' title='bbox 945 3868 979 3914; x_wconf 87' lang='grc' dir='ltr'><strong>ν.</strong></span> <span class='ocrx_word' id='word_1_187' title='bbox 992 3848 1067 3917; x_wconf 81' lang='grc'><strong>318.</strong></span> 
     </span>
    </p>
   </div>
   <div class='ocr_carea' id='block_1_14' title="bbox 353 3964 1182 4053">
    <p class='ocr_par' dir='ltr' id='par_1_14' title="bbox 353 3964 1182 4053">
     <span class='ocr_line' id='line_1_31' title="bbox 353 3964 1182 4053; baseline 0.001 -22"><span class='ocrx_word' id='word_1_188' title='bbox 353 3968 370 3999; x_wconf 79' lang='lat'><strong>⁴</strong></span> <span class='ocrx_word' id='word_1_189' title='bbox 380 3964 469 4049; x_wconf 83' lang='lat' dir='ltr'><strong>Ergo</strong></span> <span class='ocrx_word' id='word_1_190' title='bbox 484 3966 566 4033; x_wconf 87' lang='lat' dir='ltr'><strong>dato</strong></span> <span class='ocrx_word' id='word_1_191' title='bbox 580 3970 707 4052; x_wconf 87' lang='lat' dir='ltr'><strong>passim</strong></span> <span class='ocrx_word' id='word_1_192' title='bbox 721 3971 833 4035; x_wconf 85' lang='lat' dir='ltr'><strong>varias</strong></span> <span class='ocrx_word' id='word_1_193' title='bbox 847 3989 976 4037; x_wconf 79' lang='lat' dir='ltr'><strong>umore</strong></span> <span class='ocrx_word' id='word_1_194' title='bbox 990 3988 1049 4053; x_wconf 87' lang='lat' dir='ltr'><strong>per</strong></span> <span class='ocrx_word' id='word_1_195' title='bbox 1064 3967 1182 4033; x_wconf 66' lang='lat' dir='ltr'><strong>urbes?</strong></span> 
     </span>
    </p>
   </div>
   <div class='ocr_carea' id='block_1_15' title="bbox 232 4057 1329 4236">
    <p class='ocr_par' dir='ltr' id='par_1_15' title="bbox 232 4057 1329 4236">
     <span class='ocr_line' id='line_1_32' title="bbox 274 4057 1329 4159; baseline 0.001 -26"><span class='ocrx_word' id='word_1_196' title='bbox 274 4064 404 4133; x_wconf 88' lang='lat' dir='ltr'><strong>Versus</strong></span> <span class='ocrx_word' id='word_1_197' title='bbox 418 4074 470 4134; x_wconf 86' lang='lat' dir='ltr'><strong>est</strong></span> <span class='ocrx_word' id='word_1_198' title='bbox 484 4074 589 4149; x_wconf 89' lang='lat' dir='ltr'><strong>totus,</strong></span> <span class='ocrx_word' id='word_1_199' title='bbox 608 4076 728 4157; x_wconf 82' lang='lat' dir='ltr'><strong>proeter</strong></span> <span class='ocrx_word' id='word_1_200' title='bbox 750 4057 889 4159; x_wconf 72' lang='lat' dir='ltr'><strong>prinum</strong></span> <span class='ocrx_word' id='word_1_201' title='bbox 910 4090 1040 4149; x_wconf 85' lang='lat' dir='ltr'><strong>vocem,</strong></span> <span class='ocrx_word' id='word_1_202' title='bbox 1057 4070 1195 4154; x_wconf 87' lang='lat' dir='ltr'><strong>Papinii</strong></span> <span class='ocrx_word' id='word_1_203' title='bbox 1209 4066 1329 4134; x_wconf 84' lang='lat' dir='ltr'><strong>Achil-</strong></span> 
     </span>
     <span class='ocr_line' id='line_1_33' title="bbox 232 4164 566 4236; baseline 0 -4"><span class='ocrx_word' id='word_1_204' title='bbox 232 4164 339 4235; x_wconf 88' lang='lat' dir='ltr'><strong>leidos</strong></span> <span class='ocrx_word' id='word_1_205' title='bbox 357 4166 418 4235; x_wconf 88' lang='lat' dir='ltr'><strong>lib.</strong></span> <span class='ocrx_word' id='word_1_206' title='bbox 433 4184 474 4236; x_wconf 90' lang='lat' dir='ltr'><strong>rr.</strong></span> <span class='ocrx_word' id='word_1_207' title='bbox 489 4168 566 4235; x_wconf 81' lang='grc'><strong>002.</strong></span> 
     </span>
    </p>
   </div>
   <div class='ocr_carea' id='block_1_16' title="bbox 0 0 1517 4900">
    <p class='ocr_par' dir='ltr' id='par_1_16' title="bbox 0 0 1517 4900">
     <span class='ocr_line' id='line_1_34' title="bbox 0 0 1517 4900; baseline 0 0"><span class='ocrx_word' id='word_1_208' title='bbox 0 0 1517 4900; x_wconf 95' lang='lat' dir='ltr'><strong> </strong></span> 
     </span>
    </p>
   </div>
  </div>
 </body>
</html>
