2992 4900
596 369 800 421 ranuurrc.
1201 359 1244 427 21

146 509 606 596 banucxcipitdespcrat103
635 519 669 579 et
688 515 883 596 novissime,
899 523 1096 583 contemtus.
1142 507 1241 582 Fide-

143 616 221 680 liter
233 615 340 698 igitar
351 613 499 680 indicavi
512 619 615 694 (certe
629 616 740 701 volui)
754 621 867 684 omnia
880 619 957 685 loca
969 620 1011 684 de
1023 618 1146 703 quibus
1161 619 1242 685 mibi

141 737 214 783 non
228 718 359 802 liquet3
391 723 426 782 et
438 719 602 784 nonnullis
623 719 788 785 interdum
812 722 897 786 forte
920 723 1078 806 opitulari
1094 742 1241 807 possem,

145 821 212 886 nisi
227 819 367 887 taederet
390 820 591 904 conjecturis
610 821 784 906 indulgere
803 824 839 887 in
860 825 947 916 locis
970 845 1048 908 quse
1064 826 1172 890 tribus
1186 821 1242 889 vel

146 929 295 1007 quatuor
308 921 421 988 modis
434 922 551 1008 refingi
565 926 713 1008 possint:
744 947 820 991 cum
841 946 884 991 ea
903 928 978 992 sola
992 947 1053 1011 pro
1065 927 1164 990 certis
1186 927 1244 991 ba·

146 1025 248 1090 bearn
262 1023 307 1090 ad
322 1044 399 1109 quae
410 1043 498 1090 unns
511 1031 641 1092 tantum
661 1034 714 1092 cst
729 1029 852 1094 aditus.
894 1030 932 1095 Si
952 1029 1035 1112 qnid
1058 1033 1168 1094 umen
1182 1028 1243 1093 bn·

141 1125 298 1211 jusmodi
312 1127 485 1207 incideret,
499 1127 558 1194 lidi
573 1129 721 1195 'Editoris
734 1137 807 1197 erat
820 1133 991 1198 lectorem
1003 1149 1157 1212 moncrc;
1178 1149 1242 1194 nec

146 1247 285 1294 monere
300 1229 421 1308 solum,
434 1229 495 1294 sed
509 1234 544 1297 et
564 1232 750 1297 remedium
773 1239 923 1300 tentare:
954 1254 1015 1298 nec
1033 1233 1122 1298 enim
1135 1232 1243 1298 feren·

147 1330 212 1397 dus
226 1338 319 1398 esset
332 1332 482 1398 medicus
496 1332 555 1416 qui
568 1340 694 1416 aegroto
709 1339 834 1400 annm
849 1336 986 1414 diceret,
1000 1339 1169 1416 ‘aegrotos
1183 1333 1246 1412 es‚'

148 1432 283 1518 absque
298 1435 452 1500 ulteriore
476 1453 556 1502 cura
578 1441 639 1500 aut
663 1443 788 1501 conatu
803 1456 878 1502 eum
902 1435 1054 1501 sanandi.
1096 1435 1244 1501 'l'entari

148 1533 273 1618 igitur:
309 1543 345 1602 et
370 1533 536 1602 interdum
561 1536 646 1602 lorte
671 1555 789 1602 verum
814 1538 907 1619 ridi3
942 1538 1079 1620 sapius,
1110 1537 1242 1621 opinor,

148 1637 307 1720 peccavi.

192 1739 251 1806 De
264 1741 344 1824 ipso
359 1739 470 1807 Statio
486 1741 599 1807 omnia
614 1747 691 1806 sunt
708 1743 866 1826 vulgata:
895 1742 1149 1826 necquicquam
1162 1743 1243 1808 novi

148 1837 263 1921 habui,
279 1843 347 1908 nisi
360 1849 400 1908 ut
413 1844 594 1910 refellerem
610 1843 800 1926 opinionem
817 1863 1008 1927 magnorum
1023 1844 1167 1908 virorum
1184 1847 1243 1929 qui

150 1950 302 2011 statuunt
316 1963 393 2010 sum
408 1946 534 2012 vietum
556 1945 662 2010 inisse
676 1946 712 2010 in
736 1944 856 2030 Agone
879 1944 1075 2029 Capitolino
1094 1947 1129 2010 iu
1150 1965 1244 2011 oom-

148 2047 311 2114 missione
324 2047 520 2113 Thebaidos
534 2067 626 2114 suas:
649 2047 740 2132 quod
755 2067 817 2113 nec
832 2049 1004 2112 minimum
1018 2047 1244 2112 verisimilitu-

149 2149 239 2215 dinis
258 2150 390 2230 babere,
409 2170 471 2216 nec
495 2151 538 2215 ab
553 2169 665 2216 eorum
681 2149 896 2234 Argumentis
909 2149 1054 2233 probari,
1070 2148 1177 2213 doceo
1198 2148 1244 2212 ad

147 2251 293 2337 Epiced.
308 2254 399 2318 Patr.
415 2253 493 2319 231.
526 2253 579 2317 De
594 2250 714 2338 ἀκρισίᾳ
728 2261 764 2318 et
776 2258 915 2329 tumore,
929 2271 1006 2336 quse
1022 2251 1132 2315 Statio
1148 2267 1242 2334 saepe

149 2354 364 2439 objiciuntur,
392 2355 501 2441 aptior
529 2356 592 2421 erit
618 2355 707 2421 alius
737 2355 878 2420 dicendo
902 2355 1008 2419 locus.
1062 2351 1244 2418 Notandus

150 2458 261 2524 obiter
272 2457 337 2525 suit
350 2478 464 2524 eornm
479 2479 568 2524 error
592 2461 652 2544 qui
673 2459 814 2524 Sellium
835 2477 898 2523 sen
920 2457 1094 2541 Epirotam
1115 2455 1245 2521 faciunt

150 2558 271 2625 Nostri
285 2560 419 2626 Patrem
433 2582 442 2643 ς
464 2580 541 2627 cnm
554 2560 613 2625 ille
627 2561 728 2645 plane
748 2560 849 2625 fuerit
864 2558 1130 2643 Neapolitanns3
1152 2555 1244 2621 Gens

145 2680 230 2727 uero
243 2663 401 2747 Pupinia,
416 2682 462 2729 ex
476 2663 578 2729 Velia
592 2664 752 2729 Lucaniae
768 2662 911 2747 oppido.

194 2763 320 2831 Restat
334 2785 356 2830 a
369 2772 401 2831 te
416 2770 537 2850 petam,
559 2766 693 2843 Lector,
708 2772 746 2830 ut
768 2766 925 2849 ignosces
946 2758 1146 2857 longitudini
1170 2756 1245 2824 No·

150 2874 272 2947 tarum,
296 2870 352 2933 cui
367 2868 544 2953 aliquoties
564 2869 648 2934 sorte
664 2868 764 2933 nimis
779 2866 905 2931 indulsi
921 2866 979 2931 obi
994 2882 1102 2949 perse
1117 2863 1245 2946 perspi·

151 2989 214 3035 coa
228 2988 282 3036 res
296 2970 372 3037 luit.
415 2968 526 3055 Atque
549 2970 679 3037 utinam
701 2970 932 3052 exemplorum
952 2983 1110 3031 numerus
1129 2964 1244 3030 multis

149 3074 184 3139 in
198 3075 287 3140 locis
303 3072 600 3139 circumcideretur.
645 3072 712 3137 Sed
736 3070 823 3134 banc
846 3068 1068 3153 garrulitatem
1093 3086 1172 3131 mox
1194 3065 1244 3152 (si

151 3178 234 3243 nibil
249 3177 447 3261 interpellat,
463 3182 498 3241 et
523 3175 554 3239 si
577 3172 815 3239 eruditioribus
839 3172 922 3236 tanti
947 3166 1131 3251 videbitur)
1152 3186 1245 3232 com·

151 3278 303 3365 pensabo
324 3280 487 3346 brevitate
510 3276 679 3353 Nonarum,
698 3282 735 3345 et
760 3273 1037 3341 Mendetionum
1050 3269 1087 3334 in
1101 3268 1246 3353 Proper·

152 3384 248 3462 tium,
268 3383 324 3447 cui
340 3382 414 3466 jam
438 3400 515 3447 cum
540 3378 686 3445 maxime
705 3376 882 3442 incumbo:
911 3379 945 3440 et
956 3372 1110 3460 proxima
1123 3370 1246 3436 soetura

153 3482 312 3550 excludet
326 3482 427 3549 Statii
445 3481 619 3548 Thebaida
638 3487 673 3546 et
692 3478 898 3558 Achilleida;
930 3495 1015 3561 quas
1037 3492 1113 3540 curn
1135 3470 1246 3535 Libris

153 3588 241 3653 ldss.
256 3586 401 3653 collatas
415 3585 514 3651 edero
529 3584 678 3650 destino:
711 3584 745 3647 in
768 3600 868 3665 qnam
889 3597 959 3642 rem
981 3577 1074 3642 viros
1095 3571 1245 3638 eruditos

153 3696 316 3755 exoratos
331 3688 443 3767 velim,
458 3693 498 3751 ut
509 3686 590 3751 mibi
604 3684 822 3749 transmittere
835 3681 1007 3762 dignentur
1021 3678 1051 3741 si
1066 3672 1147 3762 quid
1167 3674 1244 3739 bnic

153 3791 331 3876 proposito
344 3787 598 3855 accommodum
620 3804 725 3871 penes
740 3802 778 3849 se
791 3783 952 3847 babeant:
975 3777 1111 3844 reddam
1125 3778 1244 3856 vicem,

154 3895 183 3959 si
196 3900 395 3977 reposcant;
416 3890 564 3967 reddam,
578 3896 611 3955 et
625 3890 657 3955 si
669 3908 734 3954 non
749 3889 943 3969 reposcant.

195 4000 249 4065 De
270 3993 404 4078 Virgilii
430 3991 586 4070 AEneide‚
610 3989 812 4075 quibusdam
834 3987 871 4051 in
891 3985 988 4064 locis,
1014 3980 1196 4067 (precipue
1210 4001 1247 4065 p.

153 4098 227 4165 302.
242 4096 308 4164 col.
324 4094 373 4183 1.)
386 4096 525 4161 liberios
541 4112 643 4179 quam
663 4111 734 4157 mos
750 4095 814 4168 est,
829 4088 984 4173 opinatos
998 4103 1084 4152 sum.
1129 4082 1246 4167 Hujus

156 4201 322 4289 opinionis
337 4198 516 4266 audaciam
526 4198 673 4281 expavet
683 4191 832 4258 eruditus
847 4188 984 4275 qnidam
993 4184 1120 4251 amicus
1131 4202 1245 4250 meus:
