2992 4900
239 401 263 468 t
675 419 885 468 cessario.

238 581 327 628 verm
355 561 531 626 Lectiones
552 579 620 626 non
642 563 760 627 invitae
782 566 1014 645 sequerentnr3
1037 560 1179 626 diversae
1196 561 1332 644 quidem

238 665 319 740 illae,
337 671 479 728 attamen
495 664 676 745 evulgatis
698 683 766 726 non
782 661 922 726 multum
936 662 1185 745 discrepantea;
1211 661 1332 725 calami

239 765 356 830 saltem
385 764 555 840 ductibus,
577 771 610 828 et
624 765 796 828 literarum
820 763 976 845 apicibus
995 761 1231 826 alludentibus.
1276 761 1332 839 At,

239 867 299 931 Dii
314 866 403 940 boni,
419 872 577 950 quantum
592 866 626 928 in
641 866 703 930 bac
718 882 854 948 quoque
869 869 964 946 parte
979 862 1086 927 falsus
1098 861 1167 928 suit
1210 862 1330 927 Statim

238 967 324 1030 euim
339 964 548 1046 deprehendi,
569 983 636 1028 nou
660 983 735 1030 cum
755 963 888 1047 punctis
910 971 946 1026 et
964 962 1121 1045 apicibus
1133 966 1167 1027 et
1180 963 1330 1026 minutiis

237 1065 331 1130 hisce
348 1065 472 1128 criticis
483 1085 552 1129 rem
563 1065 643 1128 mihi
656 1065 821 1143 futuram3
836 1062 898 1127 aed
911 1063 1110 1128 debellanda
1120 1083 1198 1128 esse
1214 1069 1331 1128 ‘mon-

238 1173 307 1231 stra
327 1165 503 1240 horrenda,
529 1165 696 1241 informia,
709 1162 879 1245 ingentia:
904 1171 939 1228 et
961 1161 1016 1248 (ut
1039 1163 1103 1228 Ille
1118 1161 1184 1247 ait)
1203 1165 1328 1247 quibus

236 1284 333 1330 omna
349 1271 358 1300 ‘
371 1266 479 1329 lumen
495 1263 681 1329 ademtum.'
726 1263 760 1326 N
761 1283 806 1328 on
820 1265 906 1327 enim
920 1263 1038 1328 leviter
1051 1269 1211 1328 autmore
1224 1264 1328 1329 solito

236 1366 338 1430 iubis
355 1367 469 1448 Sylvis
490 1375 650 1448 grassatae
673 1370 751 1430 suut
771 1365 956 1444 ignorantia
977 1373 1013 1428 et
1032 1363 1245 1447 depravatio:
1267 1364 1328 1428 aed

235 1468 378 1548 penitus,
393 1471 426 1528 et
439 1466 473 1527 in
485 1466 569 1528 imas
584 1464 749 1530 medullas
763 1463 936 1529 descendit
949 1464 1063 1548 pestis,
1078 1483 1144 1528 non
1155 1464 1230 1527 sine
1240 1462 1328 1526 ierro

235 1570 270 1632 nt
282 1573 415 1632 cautere
428 1565 639 1648 extirpanda.
685 1565 718 1630 N
721 1565 825 1630 otatis
846 1566 947 1647 igitar
967 1563 1134 1630 nonnullis
1146 1564 1234 1628 locis
1247 1581 1326 1646 quar

234 1685 302 1746 pou
325 1665 486 1744 intellexi,
507 1673 541 1730 et
563 1665 604 1730 de
629 1666 752 1750 quibus
782 1664 942 1730 siluerant
963 1663 1174 1746 interpretes,
1193 1663 1333 1732 lectioni·

234 1765 397 1834 Statianae
410 1767 596 1848 diligentius
609 1767 745 1832 incubui
756 1786 766 1847 ;
794 1773 993 1848 experturus
1006 1765 1145 1842 scilicet,
1159 1782 1203 1830 an
1216 1763 1326 1828 lucem

232 1868 384 1951 aliquam
414 1868 570 1958 sibiipsi
598 1868 778 1934 soeneraret
798 1866 904 1932 Vates
930 1866 1199 1932 obscurissimus.
1243 1865 1326 1930 Hoc

233 1970 366 2034 undem
394 1969 497 2036 modo
518 1987 595 2034 sese
616 1969 758 2054 primum
780 1969 931 2053 apernit:
954 1968 1062 2033 donec
1083 1967 1178 2032 alind
1198 1985 1243 2031 ex
1256 1967 1325 2032 alio

234 2069 408 2152 arripiens,
438 2076 472 2132 et
500 2069 642 2134 Statium
667 2070 732 2133 sibi
760 2070 826 2152 ipsi
856 2088 1068 2152 comparans,
1093 2067 1325 2132 adblandiente

233 2171 395 2253 proiectu,
410 2170 442 2233 in
456 2169 542 2236 banc
557 2172 805 2254 persuasionem
819 2169 1015 2249 devenerim,
1029 2176 1067 2234 ut
1081 2189 1125 2234 ex
1135 2168 1324 2253 quingentis

233 2269 318 2335 locis
337 2289 413 2352 quae
435 2290 501 2336 non
524 2271 765 2351 intellexeram,
779 2270 851 2354 jam
873 2289 938 2336 uon
957 2277 1081 2336 restent
1101 2268 1325 2354 quadraginta

231 2370 273 2434 de
288 2373 407 2458 quibus
422 2371 602 2456 desperem.

275 2472 318 2537 Et
331 2473 391 2537 illa
405 2473 538 2558 quidem
552 2473 652 2539 sacile
666 2475 798 2539 tolerari
819 2483 854 2540 at
873 2474 945 2540 tolli
960 2479 1143 2557 potnerunt
1155 2472 1324 2537 librario·

230 2594 300 2639 rum
329 2580 445 2652 mata,
475 2594 552 2657 quae
573 2575 796 2639 nascebantur
816 2594 861 2640 ex
882 2577 1048 2659 positione
1068 2576 1164 2639 vocis
1178 2574 1324 2657 alicujus

229 2694 290 2758 pro
321 2674 452 2739 diversa
475 2675 627 2757 ejusdem
648 2676 842 2761 quantitatis
863 2685 899 2742 et
924 2698 1001 2760 qnae
1021 2677 1202 2744 abendam
1224 2674 1324 2741 litera

229 2774 400 2857 inciperet
444 2774 583 2841 Planius
596 2776 733 2859 loquar:
760 2775 907 2842 Obviam
921 2778 995 2858 fuit,
1008 2780 1128 2844 saltem
1148 2795 1213 2841 non
1233 2775 1322 2839 adeo

230 2874 374 2951 difficile,
388 2894 485 2937 sensu
501 2877 691 2941 necessario
705 2878 905 2959 postulante,
919 2885 952 2942 et
966 2880 1071 2943 literis
1083 2876 1322 2962 praeeuntibus,

228 2994 292 3058 pro
320 2984 350 3038 et
368 2976 496 3057 fervent
520 2976 652 3060 compito
668 2974 819 3059 stemma,
843 2980 1043 3044 substituere
1064 2976 1234 3063 effulgent:
1257 2994 1322 3058 pro

228 3074 351 3138 verbere
362 3073 466 3153 crudo,
481 3074 608 3147 crebro:
622 3096 682 3161 pro
694 3075 782 3141 docto
792 3077 925 3156 numine,
934 3078 1062 3147 dextro,-
1074 3097 1135 3162 pro
1145 3074 1322 3139 admirante

229 3172 382 3253 Fortuna,
397 3175 576 3240 adversante
590 3200 602 3247 ,-
619 3198 681 3261 pro
695 3198 845 3255 sumam,
859 3178 1029 3255 sedentem
1043 3199 1106 3264 pro
1119 3198 1247 3242 munem
1260 3196 1323 3239 cer·

227 3286 310 3355 runt,
324 3298 452 3341 munero
467 3298 595 3349 consuat
620 3299 681 3363 pro
709 3278 765 3343 Sic
788 3290 855 3344 toto
873 3300 942 3343 cum
955 3294 1035 3346 neue
1048 3281 1125 3355 ruit,
1148 3277 1237 3343 Sicut
1249 3289 1321 3341 erin

228 3398 296 3441 cam
312 3379 492 3448 conteruit:
514 3400 574 3463 pro
596 3380 700 3463 pudor
721 3379 793 3444 iude
808 3402 891 3445 uoco
904 3381 1022 3459 mentis,
1036 3380 1177 3467 ingenae
1190 3380 1320 3447 mantin

226 3499 288 3563 pro
304 3490 370 3559 aut,
386 3481 495 3549 atrio:
514 3500 585 3564 -pro
609 3478 669 3559 illi,
684 3480 800 3551 iilum:
819 3474 881 3565 pr'o
897 3482 1190 3565 ammoniusque
1204 3480 1320 3545 omnia

226 3579 278 3666 (et
291 3581 395 3645 multo
414 3581 514 3663 plura
528 3584 679 3664 possem)
693 3602 738 3648 ax
753 3582 885 3647 duobus
896 3584 1062 3667 prioribus
1077 3584 1188 3649 libris
1201 3582 1318 3647 barum

227 3680 402 3763 Sylvarum
417 3682 593 3766 excerpsi:
624 3683 711 3763 haec,
734 3684 883 3767 inquam
906 3693 942 3750 et
960 3686 1082 3751 similia
1097 3704 1163 3749 non
1176 3683 1317 3749 multum

226 3780 313 3846 forte
337 3784 462 3864 negotii
491 3783 696 3849 facesserent
723 3790 850 3851 attento
879 3785 1024 3863 lectori,
1055 3787 1171 3870 etqui
1201 3788 1318 3851 sensui

226 3880 378 3960 inhaeret,
392 3889 425 3947 et
439 3890 578 3948 mentem
598 3882 759 3949 Auctoris
778 3890 812 3950 et
824 3887 964 3968 vestigia
986 3886 1215 3970 subsequitur:
1235 3886 1318 3969 quid

226 4001 306 4048 vero
334 3984 441 4062 dices,
467 4004 544 4049 cum
564 3986 726 4051 inveneris
741 3985 818 4051 lecto
837 4006 899 4070 pro
910 3984 1032 4072 furto.-
1055 3986 1160 4049 domus
1172 3984 1240 4049 altu
1254 4006 1318 4070 pro

229 4080 340 4167 Venus]
354 4085 458 4156 oliuo,-
486 4107 603 4151 mensur
628 4106 688 4171 pro
709 4085 881 4173 uymplor:
910 4098 1054 4151 curentur
1076 4106 1138 4171 pro
1161 4086 1317 4157 undatur

226 4184 306 4250 bibit
321 4207 383 4272 pro
398 4186 471 4252 tulit
485 4214 497 4259 ‚·
521 4186 650 4267 Discite,
666 4208 727 4273 pro
756 4187 879 4260 Vioiter
898 4187 1042 4254 Libertas
1055 4208 1116 4273 pro
1133 4186 1316 4259 Nobilitas,-
