2992 4900
584 357 789 436 vnnrnrro,
1191 331 1240 413 ro

136 483 276 568 portius.
322 484 398 552 Uno
422 504 510 554 anno
534 485 750 555 Parmensem
765 486 952 572 precendt,
965 487 1147 572 impressus
1162 485 1236 553 lle·¹

136 589 319 658 netiisAn.
334 588 431 656 1472.
475 587 554 654 Nou
575 587 695 654 dubito
720 589 801 673 quin
823 588 898 655 baro
923 591 1128 656 sitomm'nrn
1144 595 1236 658 anti-

137 695 304 780 quissimo
316 693 435 758 hurum
446 690 622 774 Sylvarnm
635 689 768 758 Editio:
791 692 1047 770 cataoniam
1059 694 1242 760 raeccine

137 803 207 878 θεὶς
243 815 355 880 noque
375 795 582 860 mentionem
604 793 678 878 ejus
703 793 786 860 alibi
808 795 942 860 invenio
955 800 1174 879 preterquam
1196 798 1231 862 in

136 901 285 964 obscuro
306 900 373 963 isto
393 895 515 978 ungulo
537 893 704 962 Editionis
726 895 939 978 Parmensin3
970 896 1071 960 istius
1095 917 1231 984 quoqne

136 1019 301 1084 perquam
313 1018 410 1064 rarae.

180 1102 341 1168 Romana
364 1117 498 1185 quoque
513 1097 639 1176 Editio,
653 1099 731 1166 licet
746 1099 789 1163 ab
804 1098 884 1166 aliie
898 1097 1100 1183 praeliorum,
1114 1104 1232 1167 nonni·

136 1204 184 1273 hil
199 1205 282 1270 novi
293 1223 340 1269 cx
356 1223 421 1269 uuo
435 1202 587 1279 conlinit,
602 1207 637 1266 et
651 1202 815 1268 lectiones
827 1201 1018 1267 Parmensis
1038 1211 1073 1271 et
1087 1202 1236 1271 Venetae

137 1305 242 1371 Editt
258 1304 488 1384 confirmavit,
520 1303 610 1388 quod
635 1305 766 1386 passim
788 1304 932 1369 videbis.
976 1305 1071 1374 Huic
1096 1307 1243 1394 praefuit

139 1407 312 1473 Domitius
326 1405 533 1483 Calderinus,
546 1423 590 1469 ex
606 1405 741 1488 scriptis
755 1405 790 1468 in
804 1405 955 1471 diversos
969 1405 1138 1477 Auctores
1152 1410 1237 1474 bene

138 1519 250 1587 notus,
265 1517 311 1587 et,
332 1514 370 1574 ut
391 1507 454 1573 illo
481 1527 569 1586 mro,
588 1507 641 1571 vir
666 1526 746 1570 sane
767 1505 996 1572 doctissimus.
1039 1510 1155 1578 Multa
1179 1511 1238 1575 ille

140 1612 250 1677 Statio
264 1612 411 1676 feliciter
424 1610 589 1688 restituta
623 1609 656 1673 iu
677 1609 792 1674 multis
806 1607 978 1692 pueriliter
992 1612 1117 1676 erravit
1131 1616 1155 1676 τ’
1172 1612 1239 1691 troc

140 1723 256 1778 tumen
270 1713 403 1777 nomine
418 1712 561 1776 maxime
577 1710 781 1794 culpandus,
795 1711 888 1796 quod
908 1711 937 1776 si
960 1712 1040 1795 quid
1059 1732 1125 1778 non
1140 1713 1240 1781 intel·¹

140 1815 275 1893 lexerit,
289 1813 403 1879 statim
414 1815 573 1894 mutavit3
595 1813 696 1878 etiam
708 1811 852 1877 absurde
866 1832 1123 1900 nonnunquam
1146 1835 1240 1901 saepe

141 1916 257 1993 etiam,
281 1915 373 1998 quod
393 1913 493 1979 valde
515 1915 678 1998 suspicor,
700 1914 792 1978 nulla
813 1915 976 1980 mentione
989 1915 1089 1982 sacta.
1134 1904 1239 1984 Utilis

142 2025 256 2082 tamen
280 2015 406 2094 Editio,
432 2015 524 2099 quod
547 2015 752 2082 diversorum
774 2015 940 2080 Codicum
967 2018 1167 2102 scripturam
1188 2041 1240 2093 ref

143 2124 342 2202 praesentet3
365 2138 440 2183 cunr
456 2118 530 2202 jam
552 2138 650 2202 paene
676 2125 788 2182 certus
804 2119 880 2195 sim,
895 2118 1094 2197 Domitium,
1108 2121 1240 2205 quaudo

144 2222 246 2286 istam
261 2222 445 2304 evulgaret,
466 2241 530 2288 non
551 2221 680 2285 vidisse
702 2226 762 2285 aut
783 2219 1012 2298 Parmensem,
1033 2230 1094 2287 aut
1120 2223 1241 2292 Libros

142 2323 328 2408 exquibus
343 2323 536 2388 Parmensis
550 2343 713 2408 expressa
727 2323 792 2387 suit
803 2343 820 2387 τ’
843 2321 885 2388 de
905 2341 972 2406 quo
993 2322 1180 2408 aliquando,
1189 2327 1240 2390 in-

146 2431 371 2493 certuseram.

188 2528 260 2593 Sed
273 2524 398 2591 dudum
413 2530 489 2593 ante
504 2534 622 2593 nactos
637 2522 703 2591 hos
713 2526 822 2591 libros
829 2527 1022 2611 suspicatus
1036 2548 1139 2608 eram,
1148 2530 1240 2615 quod

146 2634 270 2714 postca
284 2646 396 2693 verum
420 2629 581 2711 comperi,
596 2648 663 2694 uon
684 2628 825 2693 multum
846 2630 969 2694 anxilii
994 2633 1240 2715 expectandum

147 2751 225 2801 esse
240 2750 266 2795 n
279 2729 409 2797 duobus
424 2731 480 2795 rel
500 2731 617 2797 tribus·
632 2732 883 2815 exemplaribus
896 2732 1092 2815 quibusvis:
1114 2733 1243 2817 quippe

146 2833 251 2901 altius
267 2831 426 2899 adactum
446 2838 519 2897 erat
543 2832 679 2912 vulnus3
710 2840 745 2896 et
766 2840 844 2916 post
865 2832 975 2897 omnin
996 2853 1074 2917 quor
1094 2833 1248 2899 invenire

146 2936 242 3019 potui
257 2952 279 2999 a
299 2934 380 3001 viris
403 2932 513 2999 doctis
536 2934 694 2999 restituta
714 2932 770 2997 vel
784 2952 804 2996 e
818 2932 930 2997 Libris
951 2934 1008 2999 vel
1026 2934 1174 3017 ingenio,
1191 2955 1245 3001 re·

147 3038 283 3119 stabant
296 3036 406 3102 adbuc
421 3054 517 3120 paeue
526 3034 695 3101 innumera
704 3052 782 3117 quae
793 3034 888 3099 nullo
901 3035 1001 3101 ruodo
1014 3044 1113 3103 erant
1124 3037 1246 3103 intelli·

147 3137 269 3221 gendo.
313 3137 386 3203 His
403 3137 503 3221 igitur
522 3138 765 3214 incumbebam,
779 3136 1067 3221 haecprcruebum,
1079 3147 1116 3204 et
1129 3158 1246 3205 omnes

21 3272 32 3299 0
149 3240 306 3329 strophae
330 3240 517 3305 vertebam:
556 3244 590 3303 et
611 3236 775 3303 interdum
798 3238 926 3303 veritas
953 3240 1062 3322 primo
1089 3238 1245 3307 orreum

150 3360 225 3411 sese
239 3340 434 3425 ingerebat;
456 3339 634 3426 aliquando
643 3358 695 3405 res
706 3329 776 3405 erat
785 3340 981 3417 morosioris
990 3340 1251 3425 disquisitionis..

150 3442 190 3509 In
204 3460 355 3509 summu:
380 3444 411 3509 si
427 3443 506 3528 quid
519 3444 552 3507 iu
566 3443 619 3507 his
629 3444 730 3508 rebus
744 3444 827 3507 certi
842 3443 1009 3526 sit,paene
1023 3442 1133 3509 ausim
1145 3446 1179 3508 in
1191 3462 1249 3514 mc.

150 3546 298 3629 recipere
309 3552 347 3611 et
358 3552 533 3629 praestare,
549 3552 583 3610 te
592 3544 665 3630 jam
679 3545 790 3627 legere
803 3550 906 3629 posse
919 3545 1018 3611 Statii
1032 3544 1153 3629 Sylvus
1166 3544 1245 3628 plne

151 3665 252 3731 quum
266 3653 320 3713 ter
340 3652 475 3713 centurn
496 3647 585 3713 locis
610 3648 788 3713 restitutas
807 3666 851 3711 ex
873 3646 1091 3730 coniecturu3
1121 3646 1252 3728 partin·

152 3768 252 3815 sensu
265 3756 438 3833 preeunte
450 3756 485 3812 et
498 3747 695 3813 necessario
703 3747 896 3831 postulante
908 3746 972 3812 has
983 3744 1251 3823 emendatiores,

151 3852 275 3934 purtim
288 3850 398 3919 literis
410 3856 445 3917 et
458 3849 580 3917 calami
595 3849 756 3915 ducibus
765 3848 810 3914 nd
823 3865 920 3914 veras
933 3848 1115 3915 lectiones
1124 3848 1247 3913 dueen-

152 3953 262 4037 tibus:
286 3953 374 4019 adeo
387 3958 426 4020 ut
432 3953 507 4038 jam
522 3971 591 4019 uon
604 3956 730 4019 restent
743 3950 964 4035 quadraginta
977 3951 1054 4018 loca
1066 3950 1250 4035 dequibus

153 4051 337 4139 desperem.
382 4054 405 4120 J
409 4054 583 4120 uveniliter
603 4054 700 4117 nimis
722 4052 848 4116 dictum
869 4052 932 4117 hoc
947 4051 1008 4117 tibi
1021 4050 1104 4115 sorte
1118 4050 1247 4116 videbi·

154 4160 222 4222 tur:
245 4156 413 4241 spondeo,
427 4156 554 4223 dictum
576 4176 652 4221 esse
673 4155 762 4219 citra
786 4154 1027 4224 affeeuuonem
1041 4159 1102 4221 ant
1116 4154 1247 4236 juctan·
