2992 4900
236 357 280 426 18
679 371 887 422 nonnemo.

236 517 414 604 prioribus.
459 514 649 582 &neotum
667 535 702 600 p.
715 517 750 581 d.
763 516 909 602 (opinor,
919 537 977 602 per
989 513 1163 602 clanim)
1176 515 1331 584 Francis·

237 643 316 690 oum
333 621 580 688 Puteolanum:
611 626 649 684 et
671 637 761 697 vere,
785 619 874 683 ultro
896 619 1153 702 impressionem
1176 620 1332 686 Venetiis

236 726 371 802 motem,
385 724 419 788 in
435 738 492 786 ιιι.
508 720 654 787 millibus
669 720 757 786 loeis
780 719 1003 798 emendatum,
1018 721 1083 787 SS.
1103 721 1272 786 Catullum
1296 731 1333 788 et

237 827 368 892 Silvas:
390 831 428 891 nt
440 833 478 890 tu
493 825 615 890 Ireotor
636 825 799 889 ambobus
812 824 1059 908 exemplaribus
1073 824 1218 907 experiri
1232 834 1332 908 pote-

237 931 304 996 risz
326 929 439 1011 itaque
453 927 546 994 nullo
569 920 625 992 ιιιὸ
647 927 786 1008 intelligi
808 925 934 1011 possit:
965 932 1000 991 et
1013 933 1140 992 celera.
1185 927 1332 1011 Impres-

235 1050 311 1096 snm
325 1030 459 1096 Purmre
473 1049 534 1114 per
551 1050 606 1095 me
630 1029 839 1113 Stephanum
855 1027 1034 1094 Corellm.
1077 1028 1180 1094 Anne
1206 1028 1331 1093 Christi

237 1147 504 1198 nonnosum.
518 1131 667 1198 mundo
689 1130 762 1196 Cal.
782 1129 1011 1215 Septembris!
1055 1130 1255 1196 Franeisons
1275 1131 1334 1195 hio

236 1233 445 1302 Puteolanus
460 1235 510 1310 (ut
523 1232 587 1298 hoe
601 1233 709 1300 obiter
718 1232 855 1310 adrium)
864 1235 1054 1316 preceptor
1067 1231 1131 1298 brit
1145 1231 1209 1298 viri
1223 1234 1333 1315 magis

235 1337 315 1415 noti,
335 1335 487 1420 Philippi
511 1335 680 1413 Beroaldi,
705 1341 803 1421 prout
827 1335 925 1402 diseo
948 1351 993 1400 ex
1015 1333 1181 1400 Govartin
1205 1334 1332 1418 Papio.

236 1439 332 1504 leot.
348 1455 404 1502 ιιι.
418 1439 450 1503 6.
494 1437 599 1515 Iden,
613 1438 744 1520 opinor,
765 1445 818 1502 est
840 1436 1057 1516 Puteolanus,
1072 1436 1170 1522 cruos
1179 1437 1335 1502 meminit

237 1539 436 1621 Politienus,
452 1539 634 1624 Epistoler.
650 1555 691 1604 ιι.
708 1539 761 1603 14.
788 1538 883 1603 Hine
894 1557 977 1603 vero
991 1545 1097 1622 patet,
1111 1538 1331 1621 antiquiorem

236 1641 502 1708 hee·l’ermensi
525 1640 632 1706 fuisse
656 1639 825 1705 Venetam
849 1639 961 1714 aliem,
984 1657 1086 1721 qnam
1111 1639 1198 1704 torte
1221 1640 1331 1706 innuit

237 1743 420 1810 Gevertius
435 1742 558 1826 Papio.
574 1742 667 1808 leot.
678 1757 702 1806 1.
714 1741 768 1806 18.
780 1741 841 1806 uhi
855 1741 938 1806 oitat
951 1736 1145 1824 Principem
1160 1739 1334 1805 11111110-

236 1851 349 1914 netam
368 1843 413 1909 etl
438 1842 696 1910 confirmandam
719 1841 915 1908 lectionem
937 1839 1051 1927 wale
1076 1859 1140 1925 pro
1165 1841 1333 1925 alyatte,-

237 1953 440 2014 oumtnmen
455 1942 600 2030 thymbra
613 1943 661 2010 sit
674 1945 707 2009 in
721 1943 856 2010 Veneta
878 1942 968 2009 Anni
985 1959 1169 2008 uooooxo.
1183 1951 1223 2010 ut
1236 1953 1333 2013 notat

238 2048 432 2116 Gronovius
447 2045 584 2112 Preeiet.
600 2045 787 2111 Diatrihes:
810 2053 846 2111 et
858 2045 997 2130 proinde
1008 2065 1148 2112 neeesse
1160 2047 1205 2115 sit
1227 2049 1331 2113 oliam

239 2169 316 2217 esse
331 2147 498 2216 Venetam
521 2147 579 2212 illu
602 2147 827 2214 vetustiorem.
869 2148 980 2214 Immo
1002 2148 1102 2214 trium
1124 2149 1332 2215 Venetorum

208 2292 215 2308 ·
238 2249 461 2334 entiqeiornm
480 2251 684 2314 mentionem
706 2249 861 2331 inuenio;
891 2249 993 2316 unius
1006 2268 1136 2334 nempe,
1152 2250 1218 2318 An.
1233 2253 1331 2318 lesa.

239 2351 331 2438 apud
345 2351 398 2419 cl.
414 2351 608 2417 Fabrioium
631 2349 846 2416 Bibliotheca
867 2351 977 2416 Latin
997 2351 1057 2417 lib.
1072 2367 1113 2415 ιι.
1128 2370 1204 2437 cap
1220 2354 1274 2419 ru.
1296 2362 1335 2418 et

239 2456 465 2541 supplement.
479 2474 515 2539 p.
529 2454 606 2519 712.
648 2451 806 2531 Alterius,
819 2451 887 2520 An.
902 2454 1001 2521 14⁷5.
1015 2453 1107 2538 apud
1121 2453 1333 2521 Gronovinm

240 2560 354 2643 Reliq.
368 2557 412 2623 ad
428 2556 531 2623 Statii
546 2554 679 2640 Sylvas.
721 2554 860 2635 Tertiae,
885 2557 1056 2622 Parmensi
1077 2558 1283 2637 vetustioris,
1298 2560 1335 2623 in

238 2661 427 2745 Epiprephe
439 2658 542 2724 mooe
552 2657 708 2723 monete.
753 2657 870 2724 Erravi
884 2658 984 2742 igitur
998 2659 1162 2743 siquando
1176 2660 1335 2726 Parmen-

240 2782 311 2829 oem
326 2762 473 2828 omnium
488 2758 755 2844 antiquissimam
769 2758 923 2824 dixerim.
966 2758 1052 2827 Cum
1066 2759 1111 2824 de
1122 2760 1188 2826 hee
1200 2759 1337 2829 Veneta

239 2864 393 2931 Editione
421 2880 615 2946 quaererem,
631 2860 821 2925 admonitos
845 2878 936 2925 eram
958 2860 1053 2925 illem
1074 2862 1201 2927 semri
1214 2862 1250 2926 in
1273 2863 1337 2928 Bi-

238 2966 406 3031 hliotheoa
435 2962 623 3029 Celrissimi
653 2963 775 3027 Ducis
792 2963 968 3042 Devoulm,
1000 2964 1122 3047 egregii
1148 2964 1334 3031 literarum

239 3064 400 3130 laetioris:
421 3083 443 3128 a
457 3083 524 3148 qno
547 3062 750 3147 (interventu
773 3062 988 3129 Nobiliseimi
1002 3064 1180 3148 enjusdam
1202 3064 1338 3149 Amici)

238 3169 431 3235 thesaurum
442 3164 531 3229 huno
540 3166 732 3248 impetrari:
754 3185 897 3249 quorum
911 3164 1001 3232 odeo
1014 3166 1212 3233 humanitati
1226 3176 1264 3233 et
1276 3186 1337 3233 oo-

238 3268 348 3334 mitati
362 3270 487 3333 utinam
504 3286 601 3351 peres
616 3270 742 3351 gratias
756 3270 876 3335 reione
889 3286 1036 3353 possem.
1080 3268 1126 3335 lit
1133 3268 1208 3353 iem
1220 3270 1334 3347 video,

238 3373 351 3437 omnia
373 3390 450 3455 quoe
473 3370 514 3435 de
537 3373 732 3453 praestautie
751 3371 843 3437 Edit
863 3371 976 3437 Parm·
990 3370 1265 3454 predicantem,
1289 3371 1335 3435 erl

238 3472 324 3541 huno
336 3473 460 3557 potiori
471 3472 546 3555 jure
561 3474 792 3539 transferenda
804 3493 898 3539 esso:
929 3473 1058 3556 quippe
1072 3472 1263 3537 Parmensis
1285 3492 1334 3538 ex

237 3578 302 3643 heo
311 3576 415 3659 plene
430 3592 592 3659 expressa
607 3574 711 3639 luisse
720 3575 863 3651 videtur,
872 3576 1008 3639 mutetis
1022 3573 1192 3639 nonnullis
1204 3572 1255 3658 (et
1267 3574 1338 3639 ire·

238 3678 374 3761 quenter
393 3670 428 3741 ih
443 3674 557 3760 pejus)
570 3676 624 3741 vel
637 3694 681 3739 ex
697 3676 774 3741 aliis
790 3674 988 3751 codicibus,
1003 3674 1058 3739 vel
1072 3674 1158 3738 sorte
1171 3692 1215 3738 ex
1232 3674 1332 3739 libitu

238 3779 442 3857 correctoris,
468 3779 640 3843 Francisci
666 3778 859 3843 Puteolani:
895 3786 931 3843 et
953 3794 1176 3861 quascumque
1200 3777 1337 3859 egregia

237 3879 338 3945 habet
350 3879 557 3959 Parmensis,
584 3880 658 3945 heeo
682 3898 821 3964 quoque
840 3880 961 3960 habet3
991 3885 1027 3943 et
1039 3878 1144 3944 multe
1158 3885 1336 3961 preterea,

238 3999 316 4063 qum
329 3982 364 4043 in
381 3979 552 4045 Addendis
568 3982 703 4045 videas:
727 3979 812 4045 adeo
825 3988 862 4045 ut
872 3982 1002 4065 absque
1016 3981 1082 4045 hae
1094 3981 1230 4046 omuino
1240 3998 1335 4044 man-

237 4100 279 4145 oa
292 4082 411 4146 suisset
421 4088 535 4147 nostra
550 4082 672 4147 Editio.
718 4082 820 4147 Liber
832 4090 885 4148 est
898 4084 1153 4167 pulcherrimus,
1165 4084 1200 4149 in
1215 4082 1334 4147 Folio:

236 4183 272 4251 io
284 4184 401 4249 eodem
414 4185 581 4251 volumine
606 4184 819 4250 continentur
835 4183 1000 4265 Catullus,
1014 4184 1182 4264 Tibullus,
1198 4190 1235 4247 et
1250 4182 1337 4248 Pro«
