2992 4900
781 766 835 816 Μ

445 959 505 1048 Ρ.
557 956 844 1053 namuro
892 902 1136 1056 'sunno

251 1241 501 1324 VETERUM‚
523 1245 890 1326 SEMIVETERUM,
914 1246 1303 1314 NEOTERICORUM

383 1485 766 1568 couunuoaumouus‚
792 1502 953 1568 Junrcrs,
979 1503 1128 1569 nucum,
1144 1507 1193 1555 aa.

593 1747 984 1787 W

537 1972 582 2037 D.
596 1971 678 2038 lun.
692 1971 868 2038 luvenalis
883 1973 955 2038 Sat
968 1987 1034 2039 vu.

327 2071 550 2165 Cunarum
564 2100 607 2165 ad
622 2118 740 2165 vocem
750 2098 951 2183 jucundam,
969 2104 1003 2165 et
1017 2119 1151 2166 carmen
1165 2101 1284 2168 amicae

321 2201 533 2284 Thebaidos3
555 2203 670 2268 laetam
682 2201 763 2266 lecit
777 2220 854 2266 cum
869 2202 1035 2268 Scaurus
1051 2201 1187 2282 Urbem,

323 2305 551 2390 Promisitque‘
564 2305 672 2387 diem;
686 2308 782 2370 tauta
796 2304 971 2370 dulcedine
984 2311 1099 2389 raptos

323 2405 440 2474 Allicit
454 2409 510 2474 ille
525 2409 665 2488 animos,
681 2412 840 2492 tantaque
854 2407 991 2474 libidine
1002 2407 1095 2490 uulgi

322 2507 485 2579 Auditur:
499 2511 560 2577 sed
572 2530 649 2576 cum
662 2511 761 2593 fregit
774 2510 934 2574 subsellia
949 2528 1058 2588 versu,

323 2611 446 2694 Esurit,
465 2614 627 2678 intactam
643 2612 758 2677 Paridi
773 2612 836 2676 uisi
851 2611 977 2677 vendat
991 2610 1142 2695 Agaven.

503 2746 573 2813 Jul.
589 2744 804 2832 Capitolinus
819 2744 854 2809 iu
867 2744 1061 2813 Gordianis.

280 2864 423 2949 Scripsit
450 2871 621 2950 praeterea,
650 2862 930 2947 quemadmodum
964 2862 1124 2946 Virgilius
1153 2862 1332 2940 AEneidos,

237 2962 365 3033 Statius
377 2964 599 3044 Achilleidos,
615 2964 759 3032 etmulti
772 2964 830 3030 alii
846 2962 987 3043 Iliados,
1001 2963 1050 3029 itu
1062 2965 1163 3029 etiam
1175 2964 1244 3043 ille,
1259 2965 1331 3030 Au·

237 3066 440 3133 tuniniados.

542 3184 597 3250 01.
613 3184 836 3251 Nemesianus
853 3184 982 3267 Eclnga
996 3198 1022 3249 ι.

408 3300 478 3367 Hic
494 3302 528 3367 in
543 3304 651 3387 sylvis
667 3322 815 3388 praesens
830 3301 893 3368 tibi
907 3302 996 3368 fama
1009 3302 1185 3384 benignum

234 3488 237 3496 Ι
322 3402 448 3471 Stravit
462 3406 536 3470 iter.

279 3504 363 3571 Sunt
375 3508 480 3572 verba
495 3506 640 3592 Papinii,
656 3506 761 3572 Theb.
778 3522 851 3573 xrr.
865 3504 943 3571 812

558 3632 707 3721 Serviusj
724 3640 768 3709 ad
783 3641 861 3707 AEn.
878 3655 917 3704 x.
931 3638 1006 3704 275.

279 3759 369 3825 Beue
381 3761 445 3827 hoc
460 3761 589 3829 Statius
602 3761 645 3827 ad
659 3763 737 3847 ipsa
749 3781 842 3827 mma
856 3760 1039 3839 transtulit,
1053 3760 1184 3827 diceus:

535 3865 706 3953 Armaque
721 3866 756 3930 iu
769 3883 853 3930 auro
867 3863 1005 3929 Tristia·

375 4030 378 4036 ·
446 3997 602 4063 Lutatius
617 3998 780 4065 Placidus
794 3998 839 4065 ad
854 3997 959 4065 Theb.
975 4012 1043 4064 vrr.
1056 3997 1112 4064 62.

278 4111 395 4192 Quare
408 4114 556 4181 adultero
574 4116 674 4183 llarti
689 4116 864 4183 Vulcanus
882 4116 1113 4183 habitaculum
1127 4116 1330 4184 fabricasset

236 4215 444 4300 argutissime
456 4217 592 4285 divinus
607 4218 760 4286 hocloco
774 4220 883 4286 Poeta
897 4218 1060 4289 dissolvit.
