2992 4900
484 425 532 473 DE
557 425 709 473 rhrrruo
733 422 879 472 sturlo.

557 565 652 631 ldem
667 567 725 632 lib.
741 583 792 630 vr.

168 685 308 763 Statius,
323 682 458 767 Virgilii
473 683 658 752 aemuletor.

267 825 439 890 Domitius
454 823 653 892 Galuerinus
669 824 874 890 Praet'atione
890 825 934 891 ad
948 825 1083 911 Sylvas.

174 951 286 1017 lucidi
299 953 335 1016 in
348 954 407 1018 lib.
417 969 451 1016 v.
468 943 646 1054 Sylvarup'
654 951 764 1031 Statii,
778 973 865 1037 opus
882 952 1065 1036 granditate
1078 952 1226 1019 Heroica

131 1054 284 1132 sublime,
301 1060 526 1136 argumentum
539 1055 679 1132 varium,
694 1053 845 1120 doctrina
857 1054 1124 1134 remotissimum,
1133 1055 1225 1140 quod

133 1174 226 1219 nemo
242 1166 320 1220 ante
334 1176 396 1222 nos
411 1165 470 1224 aot
484 1177 586 1223 ausus
600 1163 654 1222 est
668 1161 725 1222 aut
734 1157 848 1241 potnit
858 1157 1030 1239 attingere.

499 1297 649 1384 Angelus
665 1298 867 1364 Politianus.

129 1425 134 1430 '
177 1418 290 1501 Hujus
303 1419 488 1484 uberiorem
500 1419 542 1484 de
553 1417 727 1482 Laudibus
739 1417 876 1501 Papinii
886 1419 1134 1485 Tractatiouem
1148 1420 1225 1486 virle

134 1521 167 1584 in
183 1520 342 1585 Oratione
357 1539 454 1605 quam
469 1522 587 1585 habuit
601 1519 724 1604 Sylves
739 1519 979 1587 Praelectums.

196 1671 296 1736 Joan.
311 1672 477 1738 Jovianus
491 1672 666 1736 Pontauus
682 1670 724 1735 de
740 1669 952 1737 Fortitudine
967 1673 1025 1737 lib.
1042 1689 1067 1738 r.
1084 1693 1113 1737 c.
1128 1673 1161 1740 S.

175 1788 417 1873 Amphiaraum
436 1792 549 1856 vivum
577 1795 752 1867 armatum,
777 1792 821 1855 ad
849 1789 973 1855 inferos
994 1810 1090 1855 mere
1117 1791 1226 1874 magis

136 1911 234 1976 quum
248 1891 450 1957 descendere
473 1892 612 1970 faciunt,
637 1893 696 1975 qui
719 1893 920 1976 nequidem
943 1900 1002 1959 aut
1016 1913 1111 1958 arma
1124 1913 1227 1958 manu

136 2003 192 2059 aut
205 1993 312 2059 fraena
325 1995 481 2076 remittit;
515 2014 631 2060 verum
651 1995 741 2059 sicut
763 2004 834 2060 erat
847 2000 956 2060 rectos
971 1994 1126 2060 desertio
1141 1995 1226 2060 Tar-

135 2105 205 2162 tara
219 2115 349 2174 curras,
364 2104 402 2163 ut
414 2095 587 2180 megmfice
603 2115 644 2162 uc
659 2096 843 2162 luculenter
864 2097 906 2160 de
920 2117 961 2162 eo
976 2097 1109 2162 Statius
1123 2097 1228 2163 canit.

423 2245 472 2310 M.
485 2245 564 2312 Aut.
581 2246 780 2326 Sabellicus,
791 2246 949 2314 Annotet.

174 2365 293 2431 Velles
308 2365 488 2450 Pupiniam
503 2363 648 2430 Statium
672 2372 741 2430 tam
766 2366 882 2429 dexto
901 2366 997 2449 genio
1012 2364 1148 2430 Thebas
1161 2365 1229 2431 lor·

135 2472 363 2552 tissimumque
386 2465 562 2544 Achillem,
586 2487 685 2551 qnam
708 2467 830 2553 Sylvas
853 2468 1058 2534 decantasse.
1102 2467 1141 2532 si
1163 2487 1230 2533 non

135 2572 242 2656 majus
256 2588 391 2647 nomen,
416 2570 573 2654 majorem
599 2574 688 2633 certe
708 2570 850 2651 gretiam
866 2568 942 2633 inrle
956 2568 1045 2635 baud
1059 2570 1163 2635 dubio
1177 2589 1228 2636 re·

136 2679 315 2755 portasset.
358 2669 453 2734 Nulli
477 2690 626 2753 unquam
651 2668 849 2747 Poetarum,
873 2670 965 2752 quod
986 2672 1101 2749 sciam,
1124 2674 1231 2753 magis

136 2776 306 2858 proprium
319 2772 383 2837 suit
398 2771 511 2835 subito
532 2778 637 2837 oestro
659 2772 873 2851 incalescere,
888 2776 988 2855 atque
1002 2772 1061 2835 ubi
1073 2772 1230 2836 incaluis-

136 2884 198 2953 set,
211 2874 331 2939 lortius
338 2872 536 2954 feliciusque
551 2872 759 2949 debacchari,
770 2876 1117 2957 utquantumcumque
1129 2873 1230 2939 Phoe-

135 2978 211 3041 bum
226 2975 394 3041 hauserit:
418 2992 458 3039 uc
473 2974 588 3038 nescio
605 2993 647 3039 an
667 2973 770 3037 etiam
791 2974 963 3060 majorem,
985 2973 1105 3038 eodem
1119 2974 1232 3039 calore

137 3078 312 3143 confestim
327 3075 451 3142 reddat.
495 3074 660 3158 cuperes,
684 3074 768 3150 dixi,
793 3095 922 3140 omnem
949 3076 1023 3161 ejus
1044 3095 1179 3160 operam
1194 3077 1231 3140 in

137 3178 248 3263 Sylvis
271 3179 429 3256 locatam,
454 3177 537 3243 nihil
563 3184 615 3243 est
638 3176 706 3243 illis
730 3178 919 3257 amabilius,
933 3176 1095 3256 floridius,
1109 3180 1232 3261 magis-

137 3300 199 3363 que
214 3280 407 3346 Politicnm.

291 3411 334 3478 A.
349 3413 458 3480 lanus
473 3413 673 3479 Parrhasius
688 3412 799 3497 Epist.
815 3412 1006 3492 Quaestion.
1021 3416 1074 3478 tt.

179 3534 355 3618 Papinius,
380 3531 492 3598 Po'etu
517 3533 759 3609 celeberrimus,
774 3538 809 3595 et
824 3532 869 3596 ob
884 3537 1039 3596 exactam
1050 3550 1158 3596 rerum
1172 3549 1232 3594 no-

135 3636 256 3713 titiam,
270 3654 437 3717 suumque
452 3634 622 3716 peculiare
646 3634 780 3699 dicendi
802 3653 916 3717 genus,
932 3654 997 3698 non
1011 3632 1165 3697 omnibus
1180 3651 1233 3695 sa-

137 3738 180 3803 tis
195 3737 331 3801 obvius.
376 3734 485 3820 Cujus
500 3754 562 3817 ego
577 3734 751 3800 studiosus
767 3755 841 3799 curn
855 3754 989 3817 semper
1002 3734 1134 3809 fuerim,
1148 3736 1208 3798 tec.

232 3868 266 3933 J.
281 3869 437 3953 Baptista
453 3870 559 3935 Pius⁴
570 3868 613 3934 ad
629 3869 803 3935 Sidonium
819 3868 997 3954 Epistolar.
1013 3868 1073 3933 lib.
1091 3885 1132 3931 rr.

178 3986 361 4071 Papinius,
377 3989 648 4071 elegantissimas
665 3988 802 4055 Poeta.⁴

166 4186 182 4232 t
198 4180 266 4231 Pius
277 4182 327 4232 iste
338 4182 452 4247 alloquin
466 4180 572 4232 l'rirolor
588 4196 667 4246 nuga·
708 4182 791 4233 bonor
803 4180 862 4233 felt.

137 4262 186 4322 tor,
206 4256 293 4309 Po'e'ta
304 4266 392 4309 tamen
403 4258 440 4308 rlc
451 4258 513 4309 satir
528 4258 668 4325 aliquando
