2992 4900
615 401 822 454 onerario.
1219 387 1262 452 ll

163 551 314 630 absurdi,
330 553 384 619 vei
397 551 490 632 falsi,
514 552 568 618 vel
581 553 792 637 inelegantis3
822 559 939 620 contra
961 571 1054 632 vero,
1070 554 1106 618 in
1121 554 1262 640 conjec-

162 657 237 717 tura
251 653 327 718 sive
352 673 438 730 mea,
465 654 537 717 sive
564 653 649 718 alius
673 653 877 738 cujuspiam,
898 653 996 732 ratio,
1011 657 1196 720 auctoritas
1210 657 1262 740 ip-

164 753 237 817 sinr
260 753 361 819 Statii
376 760 410 819 et
424 755 625 836 optimorum
651 753 868 836 Scriptorum,
883 773 951 818 una
963 772 1041 818 cnm
1053 754 1192 823 minima
1206 757 1261 822 vel

163 853 291 918 usitata
304 854 533 937 discrepantia
545 873 568 918 a
584 854 708 936 vulgari
727 855 911 937 scriptura3
931 855 1019 919 istud
1033 854 1180 938 ejiciam,
1194 858 1261 922 boc

164 953 199 1016 in
214 951 422 1019 Contentum
435 973 615 1018 assumam.
659 951 777 1037 Atqui,
800 954 926 1032 dicunt,
940 954 971 1018 si
984 955 1050 1021 boc
1068 958 1170 1023 semel
1184 977 1262 1024 oon·

165 1051 317 1130 cedatur,
336 1061 449 1118 actum
472 1059 525 1119 est
543 1055 586 1118 do
609 1049 819 1139 antiquitate,
841 1062 878 1118 ct
899 1073 961 1138 pro
984 1055 1094 1122 Statio
1114 1057 1261 1141 legemus

164 1155 283 1218 nescio
313 1173 424 1238 quem.
469 1153 589 1232 Immo,
618 1157 821 1238 respondeo,
851 1175 914 1239 pro
939 1158 1055 1222 nescio
1081 1177 1149 1240 quo
1170 1159 1266 1241 leges

166 1252 327 1318 Statium.
370 1253 409 1319 si
432 1256 517 1318 enim
540 1261 588 1334 tu,
609 1255 677 1320 levi
693 1257 750 1320 vel
773 1256 899 1321 usitata
922 1258 1105 1322 mutatione
1126 1277 1261 1336 vocum,

166 1369 214 1418 ex
227 1373 271 1418 eo
283 1353 375 1437 quod
390 1353 572 1419 absurdum
599 1362 671 1421 erat
691 1356 746 1422 vel
767 1376 834 1422 non
855 1357 1119 1439 intelligendum,
1133 1358 1262 1424 efficere

166 1459 265 1541 potes
285 1473 420 1519 sensnm
441 1456 658 1539 perspicuum
680 1461 713 1520 et
736 1456 898 1536 vividum,
919 1457 1013 1522 filum
1033 1457 1207 1524 Poimatis
1228 1465 1264 1525 et

168 1573 353 1620 sermonem
378 1559 458 1638 apte
482 1574 670 1622 connexum
696 1556 966 1638 praecedentibus
981 1564 1016 1620 ot
1029 1558 1262 1641 subseqnenti-

166 1656 245 1735 bus,
260 1653 431 1720 Numeros
453 1655 651 1739 equabiles,
672 1661 705 1721 et
726 1658 845 1722 ceteris
865 1656 1014 1741 ejusdem
1030 1657 1148 1722 Podtse
1162 1677 1261 1742 parus

170 1763 206 1822 st
219 1757 372 1837 similes3
402 1757 557 1841 deniquo,
579 1757 635 1822 cui
656 1757 740 1822 nibil
761 1759 804 1822 ab
820 1759 891 1822 ulla
904 1764 998 1846 parte
1010 1757 1114 1841 objici
1128 1761 1261 1842 possit;

172 1857 285 1922 statim
302 1857 512 1934 exclamabo,
526 1853 658 1940 idpsum
680 1864 784 1940 atque
797 1860 874 1936 boo,
888 1878 955 1924 non
968 1858 1036 1923 isto
1047 1857 1158 1937 modo,
1172 1857 1264 1923 Pos-

170 1963 239 2022 tam
264 1957 446 2041 scripsisse
473 1957 620 2022 credam.
663 1957 755 2035 Quid
780 1958 867 2021 enim
896 1958 927 2022 si
954 1963 1089 2022 centum
1117 1955 1263 2022 Codices

170 2060 383 2124 consentiant
395 2058 430 2122 in
442 2057 507 2122 boc
520 2055 654 2140 Virgilii
668 2056 747 2123 loco
763 2055 897 2121 AEneid.
913 2072 979 2120 vrr.
993 2057 1069 2122 598.

257 2189 372 2257 Multa
386 2192 480 2256 Deos
495 2209 658 2276 aurasque
673 2197 766 2274 pater
778 2193 921 2254 testatus
935 2187 1067 2268 inanes,

255 2289 450 2377 Frangimur
462 2292 527 2358 beu
539 2293 657 2371 ventis,
670 2291 791 2377 inquit,
806 2290 1003 2374 terimurque
1017 2289 1181 2373 procella:

172 2453 261 2501 anne
273 2433 349 2500 ideo
364 2432 536 2500 dubitares
545 2433 580 2498 in
591 2431 792 2500 Contentum
804 2431 992 2507 admittere,
1001 2450 1046 2496 ex
1059 2428 1263 2515 conjectura,

257 2563 369 2631 Malta
382 2565 477 2630 Deos
490 2583 634 2651 arasque
648 2569 742 2650 peter
756 2564 901 2628 testatus
915 2559 1034 2626 inanes
1041 2562 1071 2626 i⁵

171 2696 363 2762 Praesertim
376 2716 452 2762 cnm
466 2696 501 2761 in
515 2696 582 2763 isto
605 2696 715 2761 nullus
729 2694 773 2760 sit
787 2712 924 2775 sensns3
947 2694 1071 2777 etipse
1086 2692 1167 2756 alibi
1181 2710 1263 2757 ean·

172 2797 250 2863 dem
273 2798 468 2864 sententiam
489 2798 609 2863 iisdem
633 2796 701 2861 sere
721 2795 833 2859 verbis
854 2791 1010 2878 proferat,
1033 2790 1167 2861 AEneid.
1190 2806 1261 2855 xrr.

172 2898 249 2965 496.

259 3016 374 3083 Multa
385 3014 408 3083 J
410 3036 506 3082 ovem
522 3021 555 3079 et
567 3014 643 3081 laesi
657 3020 799 3080 testatus
812 3011 947 3079 foederis
963 3028 1056 3076 aras:

175 3159 275 3226 quem
288 3142 401 3209 locum
415 3142 580 3208 exscribit
599 3146 781 3226 perpetuus
799 3138 873 3222 ejus
885 3138 1034 3203 imitator
1047 3136 1108 3201 Sil.
1122 3134 1265 3201 Italicus

174 3258 268 3309 xvrr.
284 3242 340 3309 87.

432 3350 544 3409 castas
556 3340 675 3425 polluti
689 3341 826 3407 foederis
840 3358 917 3406 aras

259 3444 429 3511 Testatus.

176 3546 220 3612 Et
234 3546 372 3613 musa.

433 3647 580 3732 pollutas
594 3646 734 3713 foederis
748 3664 826 3713 aras

260 3748 513 3831 Deceptumque
528 3748 550 3812 J
553 3767 664 3815 ovem.

176 3851 265 3931 Quis
288 3854 355 3915 tam
380 3848 495 3933 inepte
519 3848 627 3914 fautor
650 3847 813 3914 Veterum
838 3844 1051 3923 lectionum,
1066 3850 1185 3910 utnon
1198 3845 1264 3913 boc

206 4033 446 4085 t‘Addirnnsboc
461 4029 609 4097 suffragium
621 4045 699 4081 mern·
740 4038 792 4093 tur,
817 4029 845 4080 in
867 4028 959 4095 quibus
976 4028 1075 4078 disens
1096 4040 1195 4089 «remu
1221 4040 1266 4075 ex·

174 4110 388 4176 brutiorumque
404 4108 586 4173 Hamburgiin
603 4108 700 4157 Biblio·
739 4105 863 4158 bibetur.'
904 4108 967 4157 Aeta
988 4103 1084 4155 unua.
1112 4106 1186 4153 lm.
1210 4115 1267 4166 pag.

175 4188 250 4239 tbrea
271 4186 396 4238 Emistin
418 4184 580 4236 cathedralis
599 4196 702 4235 sarran·
741 4186 800 4233 ΙΙ.
