2992 4900
233 365 278 434 2⁰
678 381 886 432 auersum.

234 530 339 610 tiem3
361 545 502 612 quarum
516 524 778 608 occasionantur
800 527 880 592 mihi
901 525 1041 608 ridetur,
1057 527 1101 591 ab
1125 525 1182 591 his
1204 524 1331 593 studiis

233 627 685 712 longissimeexoluduntnrr
716 628 803 694 bene
824 630 913 694 enim
931 629 1017 708 ecio,
1032 647 1103 713 quo
1123 631 1232 712 pretio
1253 630 1329 695 haec

235 738 269 796 et
282 730 395 796 omnia
408 727 594 814 hujusmodi
608 729 808 794 aestimanda
822 737 920 795 sunt:
942 749 1020 812 qum
1035 735 1113 795 tuuc
1128 731 1261 796 demum
1276 739 1330 795 to·

234 831 385 900 lembilia
399 831 472 896 lieri
485 831 662 916 incipiunt,
678 851 755 896 oum
778 832 822 896 ab
844 831 955 896 auimo
968 831 1117 916 simplici
1131 839 1168 898 et
1180 832 1330 898 candido

234 932 515 1018 proficiscuntur:
538 935 591 1000 siu
603 935 724 1010 miuus,
738 934 930 1018 reponenda
944 939 1024 998 snut
1036 935 1120 998 iuter
1134 933 1253 999 Flacci
1265 955 1331 1001 un·

234 1055 296 1118 gas
311 1054 387 1119 quae
401 1038 412 1072 ‘
428 1035 518 1099 seria
531 1035 658 1100 ducunt
671 1034 704 1098 iu
718 1034 830 1100 mala)

278 1133 445 1201 Nonnulla
458 1136 492 1199 in
503 1134 556 1199 his
570 1133 686 1218 Sylvis
701 1133 981 1218 depravatissimo
994 1139 1092 1218 puto,
1116 1141 1152 1203 et
1163 1135 1239 1202 sine
1251 1137 1331 1202 aliis

234 1234 497 1319 Exemplaribus
519 1255 686 1319 nunquam
708 1237 922 1318 restituenda,
943 1241 1062 1323 utpote
1082 1237 1167 1304 rore
1187 1239 1329 1306 mutila:

234 1337 324 1404 velut
335 1337 400 1404 hoc
414 1337 557 1422 Epieed.
571 1335 695 1402 Phileti
709 1335 765 1402 64.

321 1501 390 1570 Seu
405 1505 564 1570 Lucanus
580 1523 670 1586 ager,
686 1524 744 1570 seu
759 1503 907 1570 'illudis
921 1505 1069 1592 impetus
1083 1505 1170 1572 altas

319 1606 359 1676 In
375 1609 534 1674 dextrum
549 1609 704 1674 torsisset
718 1628 834 1694 aquas.

235 1710 316 1778 Arb.
335 1709 435 1776 Ated.
450 1711 504 1776 illl.
716 1780 720 1788 ⁴
918 1798 921 1801 x

320 1811 365 1884 Et
377 1815 502 1876 secrete
517 1809 643 1899 palem,
655 1810 713 1897 qui
729 1811 854 1894 digeris
868 1811 985 1878 ordine
999 1809 1111 1880 vitam.

235 1911 292 1980 Aa
307 1911 418 1982 Uxor.
431 1913 486 1978 49.

321 2015 366 2080 Et
380 2033 584 2099 quamquam
599 2015 682 2080 saevi
695 2013 845 2081 iecerunt
859 2015 1017 2084 Maenade
1031 2015 1199 2104 plauctus

234 2112 291 2181 Ad
302 2115 455 2182 Marcell.
469 2115 524 2184 83.
929 2191 933 2195 ,

592 2217 815 2305 proavitaque
830 2223 921 2283 toto·

324 2315 421 2383 Rura
435 2317 561 2384 abiisse
574 2317 670 2384 mari.

236 2418 281 2485 Et
295 2419 371 2487 102.

494 2540 498 2549 ·
534 2540 596 2588 nec
611 2522 700 2589 euim
715 2522 912 2607 Tirynthius
928 2522 1027 2593 almae

321 2624 449 2690 Pectus
462 2624 631 2689 amicitiae.

236 2776 324 2857 Quae
340 2776 464 2854 omnis,
477 2774 616 2861 (praetor
629 2775 719 2840 istud
742 2774 883 2859 Epioed.
902 2762 1053 2855 Phileti,⁶
1075 2775 1201 2860 dequo
1214 2788 1333 2842 omnes

236 2876 361 2961 locent)
382 2878 504 2943 summi
518 2878 581 2942 viri
597 2877 790 2942 Gronovius
808 2884 846 2942 et
868 2876 1049 2943 Govartius
1072 2878 1254 2945 sanissima
1268 2898 1334 2964 pu·

234 2984 316 3058 taut,
329 2985 364 3044 et
377 2978 549 3062 explicere
564 2984 743 3042 oonanturt
775 2996 838 3061 ego
860 2997 928 3042 non
951 2998 1089 3062 possum
1109 2979 1193 3047 milri
1207 2980 1242 3044 iu
1255 2986 1333 3045 tau·

234 3086 305 3145 tum
319 3081 507 3163 imponere;
540 3086 575 3143 et
589 3078 782 3161 simpliciter
797 3079 905 3143 fateor
922 3098 976 3142 me
988 3098 1054 3143 uou
1069 3078 1251 3162 intelligere
1264 3080 1333 3145 ista

234 3183 333 3263 loca3
355 3180 445 3265 quod
460 3180 589 3245 utinam
602 3178 748 3243 iacerent
766 3197 883 3243 omnes
905 3180 964 3263 qui
979 3186 1126 3246 veterum
1140 3178 1331 3246 Auctorum

235 3282 409 3349 Editioues
432 3290 627 3367 procurant3
659 3287 693 3347 et
712 3298 795 3347 saue
815 3280 927 3345 iacere
947 3281 1080 3361 debent,
1104 3288 1140 3347 et
1167 3282 1331 3362 facerent,

234 3386 296 3449 uisi
310 3384 451 3469 puderet
463 3384 562 3449 fateri
575 3402 613 3447 se
629 3383 755 3467 aliquid
768 3401 835 3448 nou
857 3382 1041 3465 intelligere
1055 3404 1065 3448 τ
1087 3404 1155 3467 qua
1170 3383 1333 3449 dissimu-

234 3488 360 3552 latione
374 3485 458 3550 nihil
473 3485 592 3550 studiis
605 3490 657 3549 est
665 3484 869 3550 damnosius.
914 3484 1007 3550 Hinc
1022 3486 1110 3549 enim
1125 3485 1249 3551 lector
1262 3506 1333 3552 nou

237 3588 321 3662 adeo
335 3588 484 3653 eruditus
498 3586 572 3671 (qui
587 3585 703 3669 plures
717 3590 868 3664 numero)
881 3604 956 3650 cum
970 3586 1005 3650 in
1017 3586 1087 3651 tale
1102 3586 1231 3670 aliquid
1247 3590 1332 3654 inei-

236 3690 332 3768 derit,
346 3690 480 3754 incusat
493 3688 602 3772 primo
618 3694 787 3771 stuporem
809 3705 920 3765 suum,
935 3707 996 3770 per
1010 3708 1111 3771 quem
1124 3707 1192 3753 nou
1206 3690 1333 3754 iutelli-

236 3788 284 3872 git
297 3790 387 3873 quod
402 3798 533 3854 ceteros
547 3808 661 3854 omues
676 3794 774 3873 putat
793 3788 996 3871 iutelligere3
1029 3809 1105 3854 cum
1119 3794 1229 3855 tamen
1241 3790 1332 3857 sorte

235 3892 402 3975 ejusmodi
426 3893 472 3957 sit
496 3892 584 3977 quod
609 3910 706 3955 nemo
730 3908 877 3972 unquam
901 3896 960 3956 ant
972 3889 1147 3970 intellexit,
1160 3897 1218 3957 aut
1230 3893 1333 3957 iutel-

235 3992 382 4062 lecturus
406 3999 470 4059 est.
515 3994 634 4059 Statim
658 3992 808 4075 sequitur
836 3992 1035 4057 incertitudo
1058 3993 1094 4056 iu
1123 3993 1264 4078 studiis3
1296 4000 1332 4060 et

387 4199 403 4247 t
420 4195 462 4259 [u.
475 4194 545 4259 sylv.
559 4200 584 4245 6.
595 4200 637 4246 ⁵0.
656 4195 701 4248 ulri
710 4195 769 4247 vids
781 4196 918 4247 lectionem
930 4208 1006 4260 quam
1017 4192 1148 4257 aruinum]
