2992 4900
226 395 269 460 24
530 411 560 460 1³.
585 408 728 458 rrrrrrrr
754 405 881 462 suarm
908 407 1008 457 vrrr.

225 560 259 618 et
287 552 450 637 Neapolis
474 551 731 636 Campanorum,
753 549 796 614 de
820 549 893 635 ejus
918 549 1023 615 natali
1045 548 1119 615 solo
1134 555 1317 615 certarunt.

225 655 408 737 Singularis
423 653 573 738 prolecto
588 653 768 730 contentio,
783 669 828 716 ex
842 671 911 735 qna
924 650 1063 734 intelligi
1076 651 1176 718 facilc
1188 660 1316 735 potest,

226 764 350 841 quanto
362 758 397 821 in
412 755 518 839 pretio
533 764 601 821 turn
616 755 720 821 literae
735 755 881 819 suerunt.
925 751 996 832 Qui
1017 771 1095 818 raro
1107 751 1316 818 Tolosanum

227 858 467 935 existimarunt,
483 858 566 921 inter
587 875 672 940 quos
699 853 829 920 Dentes
849 854 922 932 init,
944 853 1048 938 poeta
1073 853 1316 919 Hetruscorum

226 961 433 1038 remaculus,
460 959 591 1042 decepti
619 965 696 1023 sunt
718 957 856 1022 alterins
881 955 981 1022 Statii
1011 955 1171 1022 Rhetoris
1192 956 1315 1041 patria,

226 1063 322 1147 cujus
337 1062 485 1126 meminit
498 1061 673 1126 Eusebius.
696 1059 752 1124 Ex
766 1059 923 1141 Agelllua
936 1077 1050 1136 uxore,
1064 1077 1165 1143 quam
1177 1057 1317 1123 unicam

226 1164 355 1240 habuit,
378 1172 414 1227 et
434 1165 465 1228 ei
487 1169 655 1248 superstes
677 1163 754 1240 luit,
777 1163 818 1230 P.
838 1161 1016 1245 Papinium
1031 1161 1175 1226 Statium
1189 1161 1316 1242 genuit,

226 1265 323 1349 cnjus
339 1267 513 1351 pueritiam
529 1287 569 1332 ac
581 1267 790 1350 juventutem
804 1264 911 1330 literis
925 1264 1023 1346 iorit,
1037 1263 1152 1347 copia,
1172 1263 1320 1330 varieta-

228 1376 330 1450 thue
354 1389 461 1435 rerum
482 1369 619 1448 refersit,
641 1376 675 1435 et
694 1389 790 1434 omne
810 1370 884 1454 ejus
906 1367 1066 1446 studium,
1091 1365 1204 1450 quoad
1219 1367 1317 1444 vixit,

222 1469 323 1553 juvit,
351 1491 523 1556 operaque
553 1472 742 1554 castigavit.
788 1469 918 1534 Annum
941 1488 1039 1552 agens
1068 1467 1317 1550 sexagesimum

226 1572 389 1654 quintum,
411 1573 718 1658 inexpergescibilis
738 1571 845 1637 somni
870 1573 995 1649 morbo,
1016 1589 1115 1654 quern
1133 1569 1318 1652 lethargum

227 1693 399 1752 vocamus,
416 1675 524 1758 periit,
539 1675 637 1758 cujus
658 1685 794 1738 mortem
816 1672 982 1756 Epicadio
996 1671 1085 1738 filins
1110 1678 1316 1754 prosecutus

228 1781 290 1840 cst.
334 1775 445 1843 Multa
457 1785 492 1840 et
507 1790 607 1860 prosa
620 1779 653 1839 et
670 1776 818 1840 carmine
832 1773 982 1859 scripsit,
1004 1773 1035 1838 si
1050 1773 1122 1838 filio
1139 1771 1317 1852 credimus,
1340 1776 1344 1785 '

228 1876 289 1942 sod
317 1897 428 1942 corum
456 1877 537 1941 nihil
567 1877 609 1941 ad
637 1895 698 1941 nos
721 1875 882 1959 pervenit.
926 1873 1087 1962 Papinius
1117 1895 1196 1939 vero
1215 1874 1317 1954 lilius,

221 1977 358 2061 juvenis
383 1979 503 2057 adhuc,
527 1979 704 2044 Claudiam
728 1975 864 2043 Claudii
886 1975 1094 2062 Apollinaris
1109 1976 1224 2054 liliam,
1237 1996 1317 2060 quae

226 2079 373 2146 Tibicini
387 2087 495 2166 nupta
507 2081 625 2158 iuerat,
650 2086 683 2145 et
700 2099 746 2144 ex
761 2098 803 2144 eo
817 2079 921 2144 tiliam
934 2083 1100 2163 genuerat,
1114 2078 1240 2149 amoris
1254 2079 1318 2142 im·

226 2183 371 2265 paticus,
385 2183 483 2250 duxit
495 2203 646 2262 uxorem,
667 2184 723 2249 cui
744 2189 849 2261 tanta,
875 2191 913 2249 nt
934 2183 983 2248 ait
1005 2180 1224 2266 Pomponius,
1244 2199 1318 2246 mo·

225 2284 335 2350 destia
348 2284 545 2364 etcastitas,
573 2284 764 2368 amorisque
788 2285 1003 2351 observantia
1018 2283 1318 2367 mariti,ntviginti

228 2387 325 2452 annis
339 2405 406 2452 non
419 2385 591 2454 fraudarit.
638 2388 825 2472 Deceptum
839 2387 993 2455 hocloco
1007 2385 1200 2453 crediderim
1215 2387 1319 2453 Pom·

228 2488 375 2571 ponium,
398 2495 432 2553 et
445 2508 520 2553 eum
535 2495 684 2555 secutum
707 2488 959 2567 Maturantinm,
982 2508 1044 2554 nec
1062 2490 1150 2554 enim
1163 2490 1319 2553 emerito

228 2596 369 2663 Claudia
389 2598 515 2663 tamdiu
536 2600 655 2665 abluit.
701 2598 840 2677 Erroris,
853 2600 983 2684 opinor,
998 2617 1133 2664 cansam
1149 2600 1320 2683 praestitit,

229 2699 321 2783 quod
336 2718 453 2783 parum
467 2702 675 2769 considerate
689 2703 791 2768 Statii
807 2722 939 2767 carmen
956 2701 1001 2767 ad
1017 2699 1194 2766 Claudiam
1206 2702 1319 2785 ipsam

227 2802 468 2867 examinarunt.
514 2802 636 2869 Filium
652 2826 727 2871 cnm
738 2825 782 2870 ex
795 2804 940 2871 Claudia
952 2821 1059 2869 uxore
1072 2802 1202 2868 nullum
1214 2802 1319 2867 habe·

226 2910 288 2983 ret,
302 2904 460 2969 infantem
482 2906 547 2969 sibi
569 2906 702 2973 Statius
717 2908 902 2991 adoptarit,
923 2925 1024 2990 quern
1045 2910 1245 2990 praematura
1258 2924 1320 2969 cx·

226 3007 366 3071 tinctum
379 3016 484 3071 morte
498 3009 643 3073 carmine
657 3010 802 3075 deflerit..
844 3007 998 3093 Vergens
1019 3027 1096 3073 vero
1118 3006 1162 3072 ad
1186 3006 1318 3071 senium

227 3107 419 3191 Neapolim,
429 3126 637 3175 communem
648 3111 812 3176 ambobus
822 3111 976 3195 patriam,
987 3108 1163 3175 Claudiam
1171 3109 1318 3173 carmine

226 3209 409 3274 revocavit.
451 3207 650 3294 Ambigitnr,
663 3214 741 3297 quis
763 3218 936 3295 superstes
950 3212 1057 3277 inerit.
1098 3209 1233 3277 Albano
1246 3228 1318 3276 cer·

227 3310 364 3388 tamine,
389 3310 602 3377 Domitianus
627 3311 742 3379 Caesar
764 3313 891 3392 eadem,
918 3332 985 3397 qna
999 3298 1138 3397 patrem,
1153 3311 1213 3396 qui
1227 3330 1317 3395 prm-

226 3418 402 3489 senserat,
420 3412 526 3477 lilium
540 3434 672 3503 corona,
695 3436 736 3481 ac
751 3416 829 3483 item
844 3434 923 3498 agro
937 3414 1069 3480 Albano
1081 3414 1232 3490 donarit,
1245 3409 1317 3479 bis·

225 3534 290 3597 qne
301 3532 381 3579 auro
395 3514 577 3598 insignivit,
593 3517 837 3603 splendidoque
862 3537 903 3584 ac
923 3515 1113 3600 magnifico,
1127 3536 1205 3581 cum
1219 3534 1318 3583 sena·

226 3617 356 3681 toribus
374 3617 610 3703 equitibusque
633 3618 807 3696 Romanis,
821 3619 978 3683 convivio
993 3618 1153 3703 suscepit,
1173 3618 1209 3683 id
1223 3618 1316 3703 quod

224 3719 368 3782 carmine
382 3716 504 3798 Polite,
519 3720 611 3804 qnod
626 3720 880 3786 Euchamstr'con
894 3720 1078 3804 inscripsit,
1091 3724 1236 3785 testatus
1250 3727 1315 3789 est.

226 3816 307 3897 Quo
327 3818 374 3896 fit,
397 3826 435 3885 ut
458 3820 584 3889 fabulae
605 3824 733 3908 potius,
757 3842 860 3908 qnam
880 3822 1028 3888 historica
1049 3821 1161 3887 simile
1182 3828 1313 3905 putem,

225 3920 315 4004 quod
337 3922 382 3987 ab
403 3922 571 4007 aliquibus
590 3926 757 4009 proditum
770 3932 831 4004 est,
845 3926 987 3989 Statium
1002 3930 1174 4011 praeacuto
1187 3926 1277 4010 stylo
1291 3944 1315 3991 a

223 4022 417 4089 Domitiano
446 4024 652 4092 confossum.
708 4028 896 4112 Supersunt
920 4046 1001 4093 vero
1028 4027 1073 4092 ad
1103 4026 1177 4092 haec
1205 4044 1315 4112 usqne

224 4128 374 4209 tempora
386 4124 460 4192 haec
474 4126 575 4195 Statii
589 4146 704 4212 opera,
717 4129 875 4209 ¹l'lrebais,
889 4136 927 4195 nt
939 4130 1084 4215 ipsemet
1096 4128 1233 4207 cecinit,

576 4229 682 4299 multe
694 4231 846 4298 cmciata
859 4230 962 4314 lima3
1056 4273 1060 4281 ·
