2992 4900
598 411 806 464 rennuere.
1200 404 1244 470 1⁶

148 554 322 618 innumera
337 551 522 638 specimina
535 553 671 620 exhibet
691 556 727 621 in
751 557 915 640 praeclara
929 559 1080 625 Diatribe
1095 559 1129 625 iu
1143 557 1244 628 statii

150 655 293 740 Sylvaa:
332 656 367 719 in
391 675 458 739 quo
480 661 593 720 umen
614 675 715 740 opere
742 660 848 724 multa
876 659 929 724 ad·
943 660 1122 728 Poiitarum
1144 662 1242 729 locos

150 757 345 840 spectantia
358 763 535 836 mutasset,
550 766 605 822 sat
618 759 701 836 scio,
717 758 894 838 Heinsius,
919 762 950 825 si
973 760 1016 826 ad
1041 763 1132 830 illius
1150 764 1244 848 judi·

151 859 241 923 mum
266 877 322 923 res
343 859 469 925 fuisset
491 858 667 941 exigenda.
711 860 852 942 Interea,
866 863 947 928 inde
962 883 999 928 se
1013 865 1115 930 solari
1130 873 1243 948 potest

150 957 357 1036 Gronovius,
373 957 463 1042 quod
487 957 551 1026 hoo
573 958 705 1045 (omnio
729 981 771 1026 an
785 962 896 1028 dicam
910 963 1140 1048 mronunium)
1152 985 1243 1032 oom-

150 1061 251 1126 mune
264 1060 423 1126 habuerit
436 1080 513 1124 cum
525 1061 608 1128 viris
622 1062 658 1126 in
672 1063 751 1128 aliis
769 1064 965 1130 eruditionis
979 1066 1131 1150 partibus
1144 1066 1242 1151 longe

150 1163 306 1228 summis.
349 1161 441 1226 Hinc
455 1163 555 1228 etiam
570 1183 608 1228 se
632 1165 720 1230 tueri
738 1173 868 1249 potest,
882 1167 974 1251 quod
996 1167 1071 1232 haro
1091 1169 1243 1235 Diatribe

149 1263 298 1346 primum
306 1263 380 1347 ejus
388 1269 608 1344 tentameu,et
616 1286 703 1350 opus
707 1267 856 1352 juvenile
864 1268 946 1335 suit:
952 1269 1100 1354 juvenile
1108 1271 1242 1352 quidem

149 1363 248 1442 iilud,
264 1363 325 1428 sed
340 1363 502 1430 Gronovii
518 1363 665 1450 juvenis,
679 1372 712 1432 et
733 1368 834 1452 quale
850 1387 919 1432 non
933 1369 1114 1451 perfectius
1127 1370 1243 1436 elabo-

149 1481 224 1529 rare
238 1461 409 1548 potuerint
422 1464 519 1530 multi
540 1466 599 1548 qui
618 1465 714 1532 hisee
728 1467 836 1536 literis
849 1472 954 1534 totam
968 1474 1105 1534 aetaoem
1115 1470 1244 1554 impen-

151 1564 295 1630 deruntr
315 1565 416 1631 etiam
435 1585 564 1632 errores
578 1567 680 1632 istius
696 1569 758 1632 viri
773 1569 933 1652 quiddam
947 1569 1108 1636 eruditius
1121 1572 1245 1637 habent

99 1681 104 1686 ·
152 1683 254 1748 quam
279 1666 418 1730 aliorum
442 1663 628 1751 irapidpnru.
673 1667 717 1734 Et
738 1669 773 1733 in
793 1669 994 1749 universum,
1009 1672 1073 1737 hoo
1087 1672 1184 1756 qnasi
1199 1691 1245 1736 ex

153 1767 276 1833 Phoebi
291 1768 423 1851 tripode
438 1767 573 1834 effatum
589 1787 704 1835 sume:
735 1770 920 1853 Nunquam
941 1771 1145 1837 interituram
1167 1791 1243 1838 esse

152 1887 266 1934 veram
282 1869 521 1948 Eruditiouem,
534 1870 642 1936 donec
657 1870 822 1937 Gronovii
836 1870 951 1955 Opera
961 1873 1117 1955 legentur.

194 1969 244 2035 Ar
256 1970 480 2055 periculosum
501 1974 572 2036 erat
594 1990 616 2035 a
637 1975 732 2036 tanto
755 1971 829 2036 viro
843 1971 1033 2039 dissentire.
1078 1973 1157 2041 Erat
1169 1977 1244 2060 qui·

154 2071 250 2138 dem:
283 2071 357 2148 sed,
372 2076 408 2137 ut
421 2077 514 2154 puto,
539 2071 660 2136 ducem
682 2073 845 2137 rationem
866 2076 1052 2157 sequebar3
1074 2076 1172 2159 cujus
1185 2078 1245 2154 rei,

153 2171 747 2258 tu,1ector,constitutusasJ'udex.
783 2173 828 2238 Et
840 2174 922 2258 quid
933 2175 1101 2241 iaoeremi
1140 2176 1246 2255 Hine,

154 2278 192 2337 ut
205 2273 287 2338 mihi
311 2272 496 2351 videbatur,
519 2276 611 2340 stetit
629 2274 774 2355 νοτίίεες
807 2275 910 2352 illinc,
927 2275 1139 2342 Gronovius:
1162 2295 1247 2342 anne

155 2371 300 2439 difficilis
314 2372 461 2440 eiectio?
492 2371 663 2440 Gronovio
686 2381 784 2456 certe,
804 2376 1018 2460 quantumvis
1032 2395 1163 2459 magno,
1176 2395 1248 2442 ma·

151 2476 205 2560 jor
226 2476 361 2542 ventas.
406 2474 480 2540 Neo
503 2476 649 2561 cuipiam
670 2496 817 2562 unquam
840 2477 949 2543 dandi
972 2478 1036 2543 suit
1049 2478 1247 2562 aquopiam

156 2594 233 2653 oum
246 2577 378 2643 ratione
399 2576 595 2643 dissensisse
606 2598 617 2658 ς
630 2578 823 2661 ¹praesertim
835 2579 871 2642 iu
890 2578 943 2643 his
963 2578 1105 2658 studiis3
1125 2578 1161 2641 in
1174 2579 1247 2661 qui·

155 2679 219 2744 bus
232 2698 303 2743 nou
318 2678 362 2743 nd
376 2676 550 2743 formulam
577 2678 799 2762 astringimur,
811 2688 849 2744 at
869 2679 957 2744 idam
976 2679 1035 2763 jus
1048 2685 1103 2743 est
1117 2678 1246 2745 Maeuio

156 2778 247 2864 quod
258 2778 371 2844 Titio:
395 2779 485 2843 absit
498 2778 599 2845 modo
616 2780 702 2846 livor
727 2789 764 2845 et
785 2780 990 2864 petulantior
1012 2798 1154 2862 quoram
1167 2798 1248 2843 cau·

156 2898 213 2945 sas
226 2879 345 2963 procul
359 2878 478 2944 habeo.
522 2878 636 2945 Etiam
661 2880 805 2965 abipso
831 2879 977 2944 Heinsio
1000 2877 1190 2961 saepissime
1211 2878 1248 2943 in

156 2978 222 3045 hoo
236 2998 339 3063 opere
353 2978 539 3046 dissentio:
561 3000 625 3047 neo
637 2988 747 3047 umen
754 2984 931 3066 propterea
940 2980 996 3046 vel
1006 2978 1049 3044 de
1063 2978 1121 3043 illo
1135 2978 1246 3063 pejus,

156 3078 209 3146 vai
224 3078 268 3143 de
280 3080 411 3162 meipso
425 3080 545 3146 melius
559 3081 727 3146 existimo.

197 3179 312 3247 Moles
330 3180 430 3266 hujus
441 3168 633 3248 'voluminis
652 3182 783 3248 obsuut
803 3200 871 3266 quo
891 3180 1002 3245 minus
1017 3178 1146 3245 ederem
1159 3198 1248 3263 pra·

155 3282 280 3349 ciarum
303 3281 390 3347 hano
413 3281 575 3349 Gronorii
602 3283 786 3361 Distribeu,
813 3280 927 3367 (euius
948 3280 1152 3364 exemplaria
1172 3280 1248 3364 jam

155 3382 279 3447 rariora
292 3381 398 3467 sunt,)
411 3389 448 3449 et
464 3382 564 3449 simul
584 3383 791 3467 Papinianus
809 3380 988 3445 Rationes
1000 3378 1082 3445 Jani
1097 3377 1248 3462 Casperii

157 3480 317 3562 Gerartii,
346 3482 570 3549 ouldssimum
592 3502 690 3569 opus,
714 3488 751 3548 et
775 3480 923 3547 Eruditis
943 3481 1028 3545 bene
1048 3485 1181 3545 notum:
1214 3482 1249 3543 et

155 3582 236 3650 licat
254 3582 437 3649 Gerariius
451 3586 485 3648 in
508 3604 542 3649 re
565 3585 684 3651 antica
697 3583 780 3649 nihil
793 3581 895 3649 fuerit
907 3581 950 3646 ad
965 3578 1182 3657 Gronovium,
1197 3578 1248 3643 ia·

155 3684 264 3751 liniter
276 3688 388 3749 tamen
410 3684 445 3747 in
468 3685 533 3751 hoo
557 3704 658 3768 opere
681 3688 835 3751 versatus
856 3689 922 3759 est,
942 3687 977 3745 et
998 3680 1140 3745 Statium
1152 3680 1248 3745 laeu-

155 3786 259 3853 leuior
273 3785 472 3868 explicavit,
487 3791 522 3853 et
534 3804 601 3851 nou
616 3803 692 3851 raro
714 3782 925 3850 emendavit:
958 3784 995 3844 ut
1008 3780 1148 3863 proinde
1160 3780 1248 3847 mul-

156 3896 226 3953 tum
250 3886 302 3952 illi
323 3886 469 3954 debeant
497 3888 694 3972 Papinianae
723 3885 854 3950 Literae.
897 3880 1029 3947 Barihii
1056 3879 1247 3947 Editionem

156 3987 259 4055 sudi
270 3986 417 4053 noudum
432 3988 519 4055 vidi:
552 3994 681 4074 septem
704 3990 815 4051 umen
835 3983 890 4048 rel
906 3988 985 4048 octo
997 3981 1248 4049 emendationes

155 4091 250 4175 (quar
277 4090 315 4155 in
343 4088 432 4157 Edit.
458 4090 593 4157 Varior.
617 4082 854 4171 occurrebant)
873 4102 997 4169 parvas
1022 4081 1171 4165 qnidam,
1185 4083 1247 4149 sed

157 4190 376 4269 indubitatas,
391 4190 522 4260 admisi.
565 4190 770 4267 Bemariias,
785 4185 960 4263 Morellus,
982 4182 1142 4264 cnam,
1153 4184 1249 4270 quie-
