2992 4900
230 379 273 446 10
674 397 879 449 rnnrurro.

233 541 316 624 quin
330 541 379 606 itu
399 542 566 627 scripserit
589 539 761 606 Rutiliust
792 549 827 606 et
848 543 878 607 si
902 540 994 606 istud
1020 538 1147 606 Poime
1168 541 1322 609 editurus

233 661 355 719 essem,
372 643 444 707 sine
458 641 662 711 haesitatione
676 643 712 705 in
733 642 937 707 contextum
960 641 1139 724 reciperem
1154 643 1165 673 ⁴
1180 639 1323 706 comnu'

233 761 294 826 pro
310 742 483 807 ‘nomine'
526 743 584 808 Sic
609 744 620 777 ‘
635 740 806 824 tempore'
819 749 855 806 et
880 739 1058 805 ‘munera'
1073 747 1322 806 commntantur

234 841 378 908 Manilio
393 859 443 905 rv.
457 843 532 909 205.
547 843 720 906 ‘nomine'
735 848 771 906 et
788 839 967 925 ‘praemia'
982 840 1082 906 Ovid-
1093 841 1186 906 Fust.
1198 843 1323 907 usus.

234 949 244 982 ‘
260 942 409 1027 gurgite'
430 951 464 1009 et
478 943 617 1012 ‘littore’
644 941 831 1009 Claudiano
845 945 879 1007 in
896 941 1009 1006 Rufin.
1027 958 1052 1004 r.
1066 940 1142 1006 186.
1168 941 1323 1008 ‘omine'

234 1050 270 1108 et
283 1043 458 1126 ‘pectore'
473 1043 607 1110 Catullo
619 1043 660 1108 de
676 1041 784 1126 Nupt.
795 1042 869 1107 Pel.
883 1050 919 1107 et
929 1041 1025 1106 'ruet
1040 1042 1084 1106 ed
1097 1041 1209 1110 tinem.
1243 1042 1324 1112 Vel.

236 1143 381 1210 Flaccus
399 1143 523 1210 rudit.
1026 1169 1030 1174 ’

491 1293 611 1360 Venus
624 1295 701 1378 ipse
715 1293 834 1359 rolens
850 1292 910 1358 det
924 1300 1076 1376 tempore
1085 1292 1193 1377 Jungi,

323 1397 412 1462 Dum
427 1397 514 1462 vires
527 1401 631 1476 utero,
645 1401 859 1481 maternaque
875 1393 995 1460 sufficit
1009 1401 1116 1459 aetns:

237 1547 280 1614 de
293 1552 304 1582 ‘
318 1547 493 1613 connubiis
506 1545 515 1572 '
534 1546 701 1630 loquitnr;
731 1546 821 1611 undo
843 1553 941 1629 potet
951 1565 1026 1610 enm
1041 1545 1227 1629 scripsisse,
1240 1548 1252 1581 ‘
1266 1544 1327 1610 det

239 1646 370 1712 foedere
379 1647 476 1730 jungi
485 1647 503 1712 ε’
525 1646 622 1731 cujus
632 1647 796 1729 phraseos
810 1646 887 1712 ride
900 1647 1156 1730 exempluepud
1170 1647 1224 1712 cl.
1240 1647 1326 1712 Bur·

224 1763 397 1814 ¹mnnnnm
410 1747 453 1811 ud
472 1746 571 1813 Ouid.
587 1747 669 1812 Met.
685 1763 753 1811 vrr.
765 1747 843 1813 403.
858 1754 892 1812 et
903 1748 1029 1830 ubique
1042 1748 1196 1812 occurrit.
1239 1747 1326 1812 Pos-

242 1866 314 1913 sem
328 1847 403 1926 tibi,
417 1847 527 1926 credo,
547 1852 624 1928 (nec
648 1868 693 1915 ex
716 1847 835 1914 Poitis
858 1847 995 1933 solnm,)
1009 1849 1251 1933 quadringente
1263 1849 1326 1912 iin-

234 1947 384 2032 jusmodi
394 1947 616 2013 mutationum
627 1948 781 2032 excmpin
790 1949 954 2032 proferre:
976 1949 1169 2032 heecpuuce
1182 1948 1325 2028 adduxi.

241 2067 283 2113 ne
297 2048 435 2112 nimium
448 2050 577 2114 mireris
593 2048 725 2133 quondo
746 2049 782 2113 in
801 2049 972 2114 contextu
986 2049 1086 2132 hujus
1101 2048 1267 2114 Editionis
1280 2051 1327 2114 le-

240 2149 330 2233 geris
350 2149 525 2214 ‘munere’
546 2168 607 2234 pro
623 2168 665 2214 eo
680 2148 770 2232 quod
786 2155 856 2214 eret
868 2148 1008 2228 vulnera,
1021 2150 1155 2232 Epiced.
1170 2149 1328 2215 Pomm.

241 2250 297 2315 rel
321 2254 333 2285 ‘
341 2250 493 2316 muuere'
519 2270 581 2334 pro
597 2249 736 2314 carmina
749 2249 889 2333 Epiced.
908 2251 1010 2316 Puer.
1024 2250 1078 2316 14.
1092 2251 1146 2316 vel
1160 2251 1327 2316 ‘vtdneru'

241 2369 304 2434 pro
314 2347 438 2436 suom
451 2350 532 2416 ibid.
545 2351 598 2416 46.
612 2359 647 2418 ct
667 2351 856 2436 hujusmodi
876 2353 1043 2418 nonnulle.
1087 2350 1157 2416 Ubi
1170 2351 1259 2416 enim
1272 2371 1328 2416 ros

242 2461 315 2519 crat
328 2454 513 2519 manifeste
526 2454 674 2520 veritatis
696 2459 731 2519 et
756 2471 896 2517 summus
922 2452 1142 2531 necessitatis,
1157 2452 1280 2518 admisi
1294 2452 1329 2517 in

243 2552 445 2620 Contentum
469 2553 546 2640 (cur
566 2556 654 2620 enim
668 2554 750 2621 mihi
763 2562 950 2639 negaretur,
963 2554 1054 2638 quod
1074 2555 1141 2619 nisi
1156 2554 1234 2619 uliis
1247 2572 1331 2620 oon·

242 2676 377 2721 cessum
405 2658 547 2723 antehac
569 2657 665 2735 soret,
686 2658 746 2722 vix
768 2656 854 2721 dnos
878 2676 995 2723 versus
1017 2656 1193 2722 continuos
1213 2656 1249 2720 in
1274 2656 1329 2720 his

244 2756 357 2842 Sylvis
372 2758 542 2841 potuisses
553 2757 735 2839 intelligere
742 2754 775 2841 i)
788 2775 855 2822 non
869 2758 1010 2822 eliorum
1021 2756 1142 2833 solnm,
1155 2756 1214 2821 sed
1228 2758 1330 2822 etium

242 2876 336 2923 meus
351 2858 587 2941 conjecturas:
618 2858 653 2921 in
667 2856 731 2923 hec
746 2866 842 2941 perte
865 2863 1003 2923 secutus
1018 2857 1195 2923 consilium
1209 2859 1331 2923 sommi

243 2959 403 3043 megistri,
419 2958 600 3024 Gronovii:
623 2956 717 3022 ‘Gur
730 2959 817 3023 enim
835 2957 960 3044 (inquit
972 2957 1046 3036 Ille,
1060 2957 1196 3023 Proeint.
1211 2959 1252 3024 ud
1269 2960 1332 3024 Se·

245 3055 378 3144 necem)
388 3064 502 3125 tentus
515 3059 610 3124 lubor
632 3060 808 3125 insumitur
820 3060 974 3125 emendus
987 3059 1145 3125 doctrinoe
1159 3057 1333 3140 Veterum,

244 3165 278 3225 et
299 3160 453 3245 operibns
477 3159 748 3242 redintegrandis,
768 3159 804 3224 si
825 3159 936 3225 nuilus
956 3158 1033 3224 inde
1050 3158 1093 3224 ud
1108 3159 1202 3243 ipsos
1217 3159 1333 3225 redeut

245 3259 397 3325 irnctnst
431 3260 523 3341 Quid
544 3262 644 3346 juret
669 3262 771 3327 toties
793 3279 917 3327 novere
940 3260 1127 3339 Editiones,
1147 3265 1185 3325 ut
1207 3260 1333 3327 eudem

245 3363 443 3444 corrupteloe
458 3363 493 3427 in
509 3363 651 3445 singulis
673 3364 855 3429 muneontt
887 3363 1009 3446 Itoque
1029 3361 1068 3427 fit
1091 3380 1333 3445 sepenumero,

246 3468 284 3525 nt
297 3460 402 3527 lector
426 3462 463 3526 in
487 3462 646 3527 facilibus
668 3462 853 3543 intellectu,
867 3464 897 3529 ui
919 3465 1011 3529 bono
1024 3462 1169 3527 consilio
1182 3472 1334 3529 assumto

244 3583 266 3627 e
286 3560 483 3627 criticorum
505 3564 640 3646 scriptis
662 3567 751 3646 (qum
772 3564 926 3628 omnibns
946 3561 1098 3628 evolvere
1119 3581 1187 3626 non
1201 3581 1335 3647 semper

245 3657 360 3746 vacat)
373 3664 517 3745 genuine
531 3682 650 3727 manus
663 3662 804 3728 Auctori
814 3663 945 3728 reddite
958 3663 1149 3747 csset,qnie
1163 3662 1334 3747 vulgatum

246 3763 400 3828 retinetur
415 3764 522 3839 ulcus,
536 3764 721 3844 crucietur;
751 3764 917 3846 potiorem
940 3771 1069 3848 purtem
1090 3770 1237 3829 autnon
1259 3784 1336 3849 per·

248 3868 377 3946 ceptum
392 3870 450 3927 eut
465 3862 561 3941 male,
576 3869 739 3943 transcen
761 3869 795 3928 et
806 3862 886 3927 nihil
894 3864 982 3947 qnod
995 3864 1119 3927 imitari
1129 3869 1199 3929 tuto
1213 3868 1335 3949 possit,

248 3962 419 4029 inveniat!
463 3964 553 4029 Hoec
566 3964 637 4043 ille,
652 3966 780 4049 optimu
794 3984 889 4044 sene,
910 3971 944 4029 et
963 3965 1141 4029 utilissime
1155 3967 1186 4029 si
1200 3951 1338 4032 adhibe

248 4070 321 4130 etur
330 4064 517 4148 judicinm;
538 4066 605 4143 cui,
620 4070 777 4150 qnantum
796 4067 899 4143 volni,
912 4066 1057 4131 intendi:
1080 4074 1117 4131 et
1129 4065 1195 4131 hoc
1210 4074 1338 4152 tempe-

247 4170 428 4231 ramentum
443 4172 577 4232 secutus
592 4186 678 4247 sum,
693 4174 732 4231 ut
742 4168 771 4233 si
785 4168 822 4233 in
836 4166 975 4251 vulgate
996 4168 1139 4233 lectione
1152 4166 1279 4252 udonid
1293 4169 1339 4232 sit
