2992 4900
257 401 301 466 14
705 413 910 464 russeum.

256 567 323 624 tes.
352 556 446 637 Quid
462 556 552 623 aliod
567 575 664 640 quoru
679 557 881 640 negligentes
894 555 1004 642 (viros
1017 555 1104 620 alias
1118 555 1351 634 acutissimos)

257 661 394 737 dixeris,
408 660 467 742 qui
481 660 608 724 centies
623 659 710 722 torte
728 658 905 740 relegerint
918 656 1033 721 locum
1047 655 1221 733 Auctoris,
1235 657 1269 720 in
1284 673 1353 738 quo

258 765 381 825 matres
395 761 430 824 iu
444 760 533 824 luctu
550 759 704 824 dicuutur
714 757 809 841 serre
834 757 948 821 cineret
965 766 997 820 et
1010 756 1149 820 earmina
1161 753 1277 824 omlis:
1298 755 1353 820 uel

258 861 318 926 ubi
331 859 441 926 infans
451 861 574 927 dicitur
582 857 740 944 implicare
748 858 898 944 gemitum
913 857 1034 936 alioui3
1055 856 1110 921 vel
1121 856 1180 920 ubi
1190 855 1352 920 Titbouia

259 962 379 1029 dieitur
406 983 549 1048 spargere
577 961 722 1043 aliquem
742 957 900 1045 flagellor
932 959 988 1024 vel
1007 958 1068 1022 ubi
1092 956 1208 1042 lanugo
1230 955 1354 1022 dicitrr'r

259 1083 385 1148 curpm
395 1083 510 1150 gerens:
542 1063 596 1125 vel
619 1061 676 1124 ubi
702 1057 806 1124 Tibris
817 1067 855 1124 et
870 1057 1016 1122 Lucum
1028 1077 1106 1143 ager
1119 1058 1276 1122 dicuutur
1288 1066 1354 1118 tor·

259 1183 351 1250 puero
364 1185 481 1249 aquas:
504 1164 563 1247 qui
577 1163 664 1238 bmc,
680 1161 829 1244 inquam,
844 1169 881 1224 et
892 1165 945 1225 ter
957 1166 1092 1224 eentum
1105 1158 1192 1224 tulia
1205 1156 1352 1240 relegere

260 1266 430 1352 potuerint
448 1273 483 1328 et
501 1262 612 1340 edere,
627 1262 700 1326 siue
725 1261 794 1325 ulla
815 1261 869 1325 vel
891 1278 1008 1324 sensus
1031 1259 1274 1342 explicatione,
1297 1256 1354 1323 vel

261 1365 478 1431 absurditatis
492 1362 685 1428 mentione't
707 1357 822 1444 Atque
836 1360 911 1425 burc
932 1365 984 1424 est
998 1358 1097 1423 Statii
1121 1359 1156 1422 iu
1169 1358 1224 1423 bis
1239 1358 1354 1442 Sylvis

260 1485 353 1547 sors;
374 1483 416 1529 ee
434 1464 606 1529 Editornm
628 1460 804 1526 securitas.
849 1457 1029 1538 Nimirum,
1047 1459 1117 1523 illis
1137 1477 1206 1523 non
1220 1457 1353 1524 videtur

261 1566 454 1632 suboluisse
470 1565 513 1630 de
522 1573 591 1629 tarn
600 1561 794 1647 prodigiosa
801 1562 919 1626 borum
926 1561 1084 1625 librorum
1095 1558 1352 1643 depmvatione3

259 1673 297 1732 et
310 1665 507 1730 mendorum
528 1682 722 1729 consensum
744 1681 806 1745 pro
825 1663 968 1727 sanitate
982 1668 1196 1745 acceperunt.
1239 1660 1354 1726 Niita

260 1784 298 1830 se
310 1766 460 1844 baberet,
473 1763 644 1847 quomodo
659 1763 728 1828 lieri
743 1765 854 1848 potnit
875 1771 916 1828 ot
938 1769 990 1828 tot
1011 1762 1275 1829 absurditatibus
1297 1780 1353 1827 ac·

261 1867 446 1950 quiesceret
466 1866 551 1952 (non
571 1867 652 1932 dico
676 1865 860 1932 Govartius
881 1871 916 1930 et
932 1865 1100 1941 Bartbius,
1113 1861 1192 1946 sed)
1203 1881 1353 1928 summus

261 1967 325 2034 Ille
340 1966 544 2045 Gronovius,
568 1965 640 2031 siue
663 1967 733 2032 ulla
756 1965 813 2030 vel
836 1965 1042 2049 suspicionis
1064 1983 1137 2029 suan
1161 1963 1351 2029 mentionel

262 2069 340 2138 Neo
352 2069 417 2133 boc
432 2068 510 2133 dico
523 2074 560 2133 ut
584 2087 661 2132 mea
680 2066 818 2151 majoris
841 2067 1060 2144 restituentur,
1076 2073 1138 2130 aut
1149 2071 1189 2130 ut
1201 2064 1303 2131 tamo
1317 2073 1353 2130 et

260 2169 388 2236 meritis
400 2169 490 2233 illius
505 2167 687 2246 detraham,
700 2165 861 2252 (quornm
874 2175 1028 2232 neuuum
1043 2175 1104 2232 aut
1115 2167 1152 2229 in
1165 2167 1277 2231 animo
1291 2172 1352 2232 aut

242 2317 246 2326 .
261 2270 298 2334 iu
319 2274 485 2353 potestate
503 2287 579 2333 mea
602 2269 703 2332 situm
724 2264 814 2348 θεὶς)
836 2267 895 2332 sed
908 2275 949 2332 ut
960 2266 1037 2332 binc
1049 2268 1237 2350 perspicias
1250 2285 1352 2349 quam

261 2370 403 2436 diverso
418 2388 472 2434 res
486 2370 552 2433 sint
567 2367 730 2451 Linguam
745 2368 902 2434 hunum
923 2375 960 2434 et
983 2367 1110 2434 Potitus
1134 2367 1275 2433 latinos
1289 2387 1354 2453 op·

155 2482 158 2491 ⁴
261 2471 341 2535 time
365 2476 401 2533 et
422 2476 582 2561 ‚accurate
611 2468 808 2552 intelligere:
843 2488 986 2553 quorum
1012 2469 1115 2546 istud,
1142 2471 1172 2534 si
1195 2470 1355 2553 cuiquem

261 2570 461 2649 mortalium,
472 2569 644 2635 Gronovio
659 2570 816 2654 contigit3
829 2570 903 2648 boc,
911 2569 1088 2656 (accurate
1101 2569 1209 2652 dico,)
1221 2571 1282 2635 vix
1295 2572 1356 2635 uni

262 2676 297 2737 et
311 2671 419 2751 alteri,
433 2670 524 2755 quod
537 2672 651 2749 sciam,
673 2669 787 2755 (vivos
812 2671 901 2737 euim
926 2679 1101 2755 praetereo,
1127 2677 1244 2755 utpote
1266 2688 1356 2753 quos

260 2771 412 2838 Libitina
432 2772 579 2837 nondum
601 2774 813 2852 sacraverit)
831 2780 956 2856 prmter
978 2772 1056 2837 Nic.
1077 2771 1268 2850 Heinsinm,
1294 2791 1354 2836 ve·

261 2892 334 2938 rum
348 2872 472 2938 Pboebi
497 2873 679 2950 alumnum,
701 2880 737 2936 et
759 2871 931 2957 Calliopes
953 2874 1030 2938 sinu
1052 2872 1263 2937 innutritum:
1293 2872 1355 2957 qni

263 2971 357 3037 alind
372 2992 472 3056 agens
486 2992 584 3056 paene
597 2973 695 3057 plura
705 2974 796 3052 loca,
808 2980 897 3039 certe
910 2973 1108 3051 difficiliora,
1121 2971 1158 3037 in
1170 2973 1225 3037 bis
1238 2972 1354 3058 Sylvis

261 3073 420 3150 restituit,
436 3092 537 3156 quam
552 3092 669 3138 omues
684 3073 743 3138 alii
759 3075 862 3142 simul
878 3076 979 3141 sumti
992 3074 1181 3161 (Gronovio
1194 3071 1356 3161 excepto)

261 3170 321 3256 qui
335 3192 381 3237 ex
397 3172 549 3256 professo
575 3173 775 3239 insudarunt
795 3175 874 3241 boio
901 3176 1020 3259 operi3
1046 3193 1110 3240 nec
1133 3173 1249 3239 dubito
1270 3175 1353 3259 quin

262 3274 365 3338 multo
378 3273 476 3356 plura
489 3273 615 3339 lateant
638 3274 673 3338 in
694 3276 843 3357 margine
865 3275 1080 3360 Exemplaris
1094 3274 1170 3358 ejus
1184 3296 1195 3356 ς
1224 3276 1317 3360 qood
1330 3295 1354 3341 a

263 3373 457 3440 Burmauno
471 3375 650 3458 aliquoties
665 3376 805 3442 citatum
820 3376 932 3455 rideo,
950 3376 1036 3442 Not.
1055 3376 1100 3441 od
1113 3376 1296 3456 Ovidium3
1318 3381 1355 3438 et

262 3474 411 3541 meminit
423 3472 579 3541 Grmrius
600 3476 635 3539 in
660 3476 770 3560 Epist.
794 3478 838 3541 ad
856 3477 1056 3555 Bentleium,
1073 3476 1155 3541 Not.
1170 3476 1215 3542 ad
1229 3475 1353 3540 Horat

263 3574 373 3643 Germ.
393 3591 418 3639 r.
432 3576 486 3641 23
500 3578 532 3641 b.
577 3574 652 3641 Nec
665 3580 779 3642 tamon
792 3576 858 3642 boc
872 3575 1048 3644 Gronorio
1061 3577 1145 3641 vitio
1159 3574 1352 3642 vertendum

263 3676 436 3757 duxerimr
465 3696 534 3741 non
546 3675 656 3741 hercle
669 3678 778 3759 magis
795 3695 898 3761 quam
912 3677 1004 3761 quod
1017 3676 1137 3742 Gallus
1150 3676 1205 3743 vel
1217 3677 1353 3742 Britan·

262 3795 328 3840 nus
342 3794 408 3841 uon
426 3776 546 3858 fuerit3
567 3796 634 3842 uon
647 3778 757 3860 magis
771 3798 874 3861 quom
888 3777 979 3861 quod
1004 3782 1016 3813 ⁸
1030 3776 1235 3861 spectandos
1248 3778 1353 3860 nigris

263 3876 372 3943 oculis
393 3878 554 3962 nigroque
577 3878 723 3962 capillo'
743 3879 830 3944 torte
852 3898 920 3943 non
941 3878 1051 3945 inerit
1094 3877 1176 3943 Hoc
1189 3878 1279 3945 enim
1292 3878 1354 3944 do-

262 3994 343 4041 nom
357 3984 412 4042 est
425 3978 580 4057 Naturae,
602 3986 638 4043 et
662 3980 729 4044 illis
754 3978 837 4045 solis
860 3980 1003 4061 contigit
1025 3996 1112 4060 quos
1135 3976 1353 4043 ‘Nasceutes

263 4075 399 4159 placido
406 4077 530 4144 lumine
540 4077 675 4144 viderit’
690 4078 916 4164 Melpomene.
959 4077 1072 4145 Multo
1086 4080 1206 4144 altiora
1221 4084 1256 4143 et
1265 4077 1353 4143 torte

264 4176 399 4245 utiliora
417 4180 512 4246 novit
530 4186 563 4246 et
580 4180 732 4249 excoluit
749 4181 801 4246 rir
822 4179 880 4247 ille
903 4198 981 4247 vero
999 4181 1189 4260 maximus3
1211 4198 1353 4265 quorum
