2992 4900
278 381 488 432 AUCTORUM
511 379 747 432 ''FESTlMONlA
772 381 821 430 ns
844 381 926 430 PAP.
950 381 1096 434 S'l'A'l'lO.
1193 365 1238 432 w

201 563 410 632 Scholiastes
426 563 594 650 Antiquos
609 565 654 630 ad
669 563 786 631 Verba
799 564 822 630 J
823 568 974 631 nvennlis
987 568 1171 651 superiora.

181 697 315 779 Amice]
348 699 476 766 Gratae.
492 700 668 782 Significat
683 701 811 766 Pobma
826 703 927 767 Statii
943 702 985 766 dc
1000 704 1089 768 hello
1103 704 1236 770 Theba·

137 826 191 870 no.
237 803 361 869 Letum
383 803 510 885 Urbem]
532 805 614 869 Ideo
627 807 707 889 qnia
720 806 862 871 libenter
875 807 1044 874 audiebat.
1073 807 1136 872 Est
1149 811 1236 874 enim

138 917 174 972 et
188 906 321 974 Po'dma
334 908 446 992 ipsum
460 906 672 984 delectabile,
698 914 732 972 et
755 909 831 992 ipse
850 908 968 973 dicitnr
982 911 1104 974 honam
1117 929 1236 975 vocem

137 1009 309 1075 hahuisse.
354 1007 418 1072 Sed
437 1027 504 1072 mm
516 1005 638 1094 fregit]
661 1008 746 1074 Post
775 1016 904 1074 tantum
926 1009 1074 1074 savorem
1093 1012 1235 1076 audiens

111 1112 232 1188 tium,
259 1111 325 1175 nisi
348 1109 537 1175 cantionem
564 1108 746 1174 inauditnm
775 1108 988 1176 Pantomimo
1012 1112 1234 1193 vendidisset,

138 1231 206 1276 non
219 1211 370 1276 habehat
382 1210 468 1276 unde
483 1229 521 1276 se
536 1217 748 1274 sustentaret.

425 1359 554 1427 Auctor
567 1357 677 1428 Vetus
692 1357 787 1428 Vitae
803 1359 950 1446 Papinii.

179 1480 320 1547 Constat
331 1480 437 1546 fuisse
450 1480 599 1546 Statium
613 1480 816 1562 temporibus
828 1478 1034 1563 Vespasiani
1046 1479 1234 1566 imperato·

139 1583 194 1660 ris,
220 1589 256 1648 et
281 1583 473 1666 pervenisse
495 1581 540 1646 ad
565 1581 750 1663 Imperium
776 1580 973 1646 Domitiani.
1018 1582 1099 1648 Fuit
1126 1586 1235 1652 nobili

139 1691 231 1749 onus
242 1683 417 1774 prosapia,
433 1683 541 1748 clarus
556 1682 701 1764 ingenio,
717 1687 754 1746 et
768 1680 890 1748 doctus
903 1683 1052 1772 eloquio.

366 1823 405 1890 C.
421 1823 585 1909 Sulpitins
599 1779 758 1902 Severus,
775 1824 924 1908 Dialogo
939 1843 998 1897 111.

183 1942 364 2021 Nimirum,
377 1949 417 2008 nt
432 1941 520 2008 dixit
533 1939 640 2006 Poeta
653 1943 771 2006 nescio
786 1943 878 2027 quis,
896 1945 1018 2011 utimur
1030 1945 1120 2013 onim
1135 1967 1234 2015 versu

142 2044 359 2123 Scholastico,
388 2045 468 2128 qnia
500 2044 586 2108 inter
616 2042 845 2109 Scholasticos
867 2045 1073 2114 fabulamur:
1096 2048 1234 2134 ‘Capti-

141 2165 283 2234 vumque
296 2165 391 2212 suem
405 2145 601 2212 mirantibus
616 2145 728 2211 intulit
742 2143 862 2231 Argis:

182 2305 389 2370 Claudianus
407 2303 590 2378 Mamertus
605 2303 647 2368 de
663 2304 761 2370 Statu
776 2303 921 2386 Animae,
936 2307 995 2372 lih.
1012 2325 1037 2373 r.
1051 2327 1127 2394 cap.
1137 2310 1192 2376 20.

182 2423 279 2490 Unde
291 2442 356 2489 non
369 2420 519 2501 Politice,
535 2421 595 2488 scd
610 2422 854 2509 Philosophiae
867 2425 1030 2511 Papinius
1043 2429 1110 2495 ait:

353 2524 410 2589 odi
427 2530 517 2590 artus
530 2524 751 2609 fragilemque
769 2527 858 2591 hunc
872 2531 1023 2612 corporis
1038 2550 1148 2610 nsum,

268 2626 480 2693 Desertorem
494 2626 606 2691 animi.

143 2779 181 2847 G.
203 2778 329 2847 Sollius
349 2776 557 2863 Apollinaris
580 2778 751 2857 Sidonius,
773 2778 1234 2848 emmeramensem.

354 2894 434 2963 Non
448 2896 540 2979 qnod
555 2880 717 2980 Papinius
730 2904 808 2962 tuns
823 2917 996 2981 meusque,

355 2998 448 3065 Inter
462 2996 656 3063 Labdacios
671 3007 771 3063 sonat
782 2998 923 3079 furores,

352 3100 450 3165 Tunc
465 3118 541 3165 curn
556 3099 642 3163 sorte
657 3100 781 3183 pedum
796 3102 922 3167 minore
935 3102 1086 3187 rhythmo

353 3199 469 3286 Pingit
484 3220 635 3285 gemmea
649 3208 746 3286 prata
760 3203 984 3289 Sylvnlarnm.

510 3354 607 3421 Idem
623 3355 733 3423 Carm.
752 3372 871 3421 xxrrr.

182 3474 221 3539 Si
244 3474 321 3559 quis
342 3493 476 3539 carmen
497 3474 665 3560 prolixius
687 3481 826 3542 eatenus
848 3474 979 3540 duxerit
999 3494 1075 3540 esso
1096 3477 1233 3560 culpan*

140 3577 229 3655 dnm,
252 3575 344 3661 qnod
367 3575 624 3660 Epigrammatis
646 3578 833 3643 excesserit
853 3576 1063 3662 parcitatem,
1077 3578 1178 3642 istum
1193 3579 1234 3645 li-

140 3679 243 3761 qnido
280 3684 385 3762 patet,
411 3698 517 3763 neque
551 3680 712 3746 Balneum
743 3669 1023 3761 Benacumque
1052 3678 1235 3745 Herculem

141 3780 379 3859 Surrentinum,
401 3799 510 3865 neque
536 3780 663 3847 Comae
686 3779 737 3845 Fl.
761 3780 886 3856 Earini,
907 3796 1015 3863 neque
1036 3778 1143 3844 Tibur
1162 3779 1235 3845 Vn,

139 3883 237 3963 pisci,
258 3901 367 3965 neque
392 3884 527 3948 omnino
549 3884 726 3969 quicquam
750 3881 793 3948 da
815 3881 951 3965 Papinii
965 3881 1071 3946 nostri
1085 3880 1235 3968 Sylrulis

141 3982 326 4062 lectitasse,
349 4002 433 4067 quas
447 4003 561 4049 omnes
575 3983 832 4068 descriptiones,
847 3982 912 4048 Vir
924 3984 979 4048 ille
993 3982 1234 4066 praejudicatis·

141 4084 244 4147 simus
254 4102 322 4147 nou
335 4082 548 4150 distichorum
565 4090 623 4153 aut
634 4086 904 4152 tetrastichorum
917 4084 1046 4166 stringit
1059 4084 1233 4167 augustiis,

142 4184 198 4249 sed
223 4185 350 4269 potins,
369 4194 408 4251 nt
421 4185 562 4273 Lyricus
579 4186 725 4255 Flaccus
740 4188 776 4254 in
789 4185 883 4256 Artis
898 4184 1050 4252 Po'eticoe
1066 4186 1234 4253 volumino
