2992 4900
252 381 297 452 22
695 389 902 440 PRAEVA'HO.

175 603 178 610 .
253 539 353 625 cnjus
367 554 485 615 cause,
498 541 536 602 el
550 539 589 602 ul
602 533 692 619 qnod
710 551 832 598 cenwc
852 531 927 596 sino
949 529 1148 614 ambagibus
1167 531 1346 616 proferas,
1487 554 1488 615 ;

254 639 362 706 addc:
394 636 543 702 Plurima
560 655 638 700 esse
660 636 694 700 in
716 635 787 700 isto
809 630 986 711 Poimale,
1003 651 1091 717 qam,
1105 632 1348 719 sisgo(psssi-

255 760 330 808 mus
342 739 488 806 omnium
503 735 628 824 Poila)
642 757 759 804 versos
775 736 966 814 scriberem,
980 735 1105 801 nollem
1119 737 1156 802 in
1170 736 1254 802 meis
1270 754 1347 800 con·

254 843 367 928 apici:
395 847 431 906 et
453 841 535 906 licet
558 859 695 906 numero
719 839 847 906 infinito
863 839 950 904 ultra
972 837 1124 904 hnmanae
1147 836 1349 902 imitationis

256 950 365 1010 melas
379 944 414 1010 in
425 943 487 1009 illo
502 944 680 1021 emineant,
692 941 852 1008 nonnulla
865 948 981 1006 amon
990 938 1348 1016 anntconnadicloiis,

256 1045 363 1112 mulla
377 1043 546 1128 languide,
562 1044 678 1124 exilia,
693 1033 880 1126 nugatorii,
893 1044 1016 1127 spiritu
1028 1049 1065 1108 et
1077 1041 1253 1126 majestate
1264 1039 1350 1106 cn-

256 1148 357 1216 minis
372 1146 511 1213 Hernici
525 1145 672 1212 descen:
703 1165 780 1232 qum
800 1146 831 1210 ai
849 1145 989 1230 perfecti
1008 1145 1130 1229 Operis
1146 1146 1242 1226 signa
1256 1149 1350 1222 sunt,

254 1251 375 1334 sitper
400 1268 454 1316 me
477 1248 720 1334 quantumlibet
740 1245 890 1332 persocia
913 1244 1049 1330 Virgilii
1074 1245 1200 1312 AEneis
1244 1242 1347 1308 Etde

259 1349 438 1434 Georgicis
451 1351 585 1436 quidem
601 1356 763 1434 quantum
773 1349 847 1414 vait
859 1347 1028 1428 oonoed03
1048 1347 1091 1412 do
1101 1345 1245 1412 AEneide
1257 1363 1351 1424 veto,

253 1471 363 1530 ⁴senno
375 1455 565 1537 negitoqoe.
609 1453 689 1518 Non
703 1451 797 1518 solos
818 1452 869 1516 ita
885 1469 1026 1516 censeo:
1055 1450 1159 1514 immo
1183 1449 1249 1513 boc
1272 1465 1353 1513 acn-

261 1555 347 1622 siass
359 1554 488 1620 videtur
501 1555 574 1638 ipse
597 1553 773 1636 Virgilius,
795 1553 947 1636 optimae
959 1556 1047 1618 oute
1060 1550 1115 1616 sui
1131 1549 1260 1633 judan
1291 1556 1353 1614 ant

260 1675 363 1741 quere
376 1659 387 1689 ‘
401 1656 544 1720 flammis
560 1655 688 1720 aboleri
697 1654 824 1738 jussit'
837 1655 903 1720 boc
916 1655 1029 1738 opual
1052 1652 1119 1718 Sed
1135 1658 1170 1717 et
1184 1653 1290 1731 edna,
1304 1653 1353 1718 ito

259 1757 417 1837 censebo,
431 1756 540 1824 donec
555 1777 675 1822 sensns
697 1758 884 1824 commanis
901 1763 937 1822 ot
948 1773 1058 1822 comm
1070 1755 1227 1821 notiones
1240 1754 1354 1820 animo

259 1857 446 1924 baerebunt.
489 1858 737 1942 Impudentiam
759 1859 815 1924 vel
837 1858 1037 1926 dementiam
1061 1875 1172 1922 meam
1194 1856 1354 1922 mimisl

263 1958 892 2046 quoddixi,praesnrepasalmmm;
912 1961 1388 2036 etinbaocremmonm.

264 2061 413 2127 diocrem
427 2062 566 2147 Sylvan
576 2063 649 2147 jam
663 2065 697 2128 in
710 2063 836 2130 mnodo
856 2063 989 2144 babeo;
1012 2062 1110 2146 cnjus
1124 2062 1296 2145 specimen
1317 2061 1356 2127 in

263 2161 369 2230 Nolis
383 2165 508 2247 passim
520 2165 662 2232 videbis.
705 2165 737 2230 0
759 2165 893 2249 virgili,
915 2166 1016 2251 qualo
1036 2171 1070 2230 te
1091 2183 1213 2230 namen
1232 2164 1356 2230 babere

260 2265 421 2346 dicerem,
437 2268 467 2332 si
482 2268 533 2332 sic
548 2270 661 2334 omnia
686 2269 881 2354 scripsisses
902 2267 1186 2353 quemadmodum
1199 2267 1307 2334 malta
1319 2268 1358 2334 in

262 2367 423 2448 secundo,
437 2375 569 2453 qundo,
585 2379 620 2436 ct
632 2377 730 2436 sexto
753 2370 888 2436 Libris!
910 2371 954 2440 El
972 2378 1007 2437 tu
1020 2371 1159 2458 quidem
1177 2371 1231 2436 sic
1244 2372 1358 2436 omnis

264 2471 472 2556 scripsisses,
487 2475 516 2541 si
531 2475 591 2539 libi
612 2475 841 2558 pctmieiaaent
853 2481 988 2557 tempus
1008 2481 1044 2539 et
1063 2474 1150 2540 malo
1163 2474 1275 2539 feriati
1295 2474 1359 2538 bo-

266 2574 392 2639 mincs:
426 2574 487 2639 sod
499 2594 587 2641 nunc
607 2594 689 2659 pars
711 2576 850 2641 minime
864 2594 904 2640 es
918 2576 991 2659 ipse
1006 2576 1066 2641 toi.
1107 2575 1208 2654 Vale,
1224 2574 1357 2655 Icelos,

266 2680 310 2754 st,
324 2677 354 2740 si
369 2675 478 2740 minus
492 2684 583 2742 recte
605 2678 648 2742 de
669 2678 723 2742 bis
745 2679 845 2742 rebus
871 2677 1024 2755 sentiam,
1038 2676 1160 2744 docere
1171 2696 1225 2743 mc
1236 2677 1294 2743 vol
1305 2697 1359 2742 re·

268 2777 439 2859 dugann
455 2780 486 2843 si
500 2780 581 2845 tanti
597 2780 651 2857 sil,
665 2798 708 2845 ne
722 2779 924 2861 dedigneris.

336 3007 454 3073 hundini,
464 3008 554 3061 idibus
567 3008 647 3075 April.
659 3008 693 3063 Α.
703 3011 738 3061 u.
750 3014 822 3061 1⁷28.
