2992 4900
494 345 544 396 nu
568 342 723 396 esurum
746 344 892 396 suerro.
1092 333 1096 338 ’
1190 334 1235 402 m

139 493 214 571 dos,
236 489 298 577 qni
311 488 407 556 libris
421 488 457 556 in
470 487 557 574 ipsis
572 486 720 556 Poitica
737 488 823 573 lege,
835 489 878 556 de
892 490 1023 574 magnis
1036 492 1165 578 mojoro
1178 516 1235 563 ca·

140 602 230 674 nunt,
243 597 307 659 &c
350 620 355 630 ·

226 729 409 795 ordericus
419 728 545 795 Vitatis
557 727 686 791 Histor.
702 725 835 792 Ecclos.
848 727 907 792 lib.
922 743 979 792 ιιι.
991 727 1027 793 in
1039 729 1149 797 finem.

182 847 312 926 Gnido,
334 847 464 912 Praesul
493 844 740 924 Ambianensis,
765 846 938 911 metricum
961 865 1094 912 carmen
1117 849 1234 929 edidit,

142 970 209 1033 quo
224 949 401 1015 Maronem
415 954 450 1013 el
465 947 656 1033 Papinium,
677 957 773 1038 gesta
795 947 946 1014 Heroum
961 956 1148 1034 pangentes
1160 952 1235 1016 irni-

143 1059 246 1128 totus,
259 1051 449 1116 Senliacum
463 1049 590 1115 bellum
603 1049 795 1136 descripsit.

142 1181 273 1250 Auctor
285 1183 326 1250 de
341 1184 533 1271 Disciplina
546 1183 764 1264 Scholarium,
774 1203 852 1268 cap.
867 1184 898 1248 l.
910 1183 1075 1249 Boiithius
1089 1184 1235 1269 quidam.

184 1302 326 1368 Senecae
346 1303 496 1382 traditio,
519 1302 645 1367 Lucani
667 1301 867 1386 inexpletio,
888 1300 1023 1386 Virgilii
1045 1303 1236 1387 prolixitas,

143 1409 177 1468 et
191 1402 292 1468 Statii
306 1401 492 1469 Urbanitas
505 1409 583 1469 sunt
596 1402 799 1487 indaganda.

214 1552 330 1618 Guido
343 1552 577 1619 Adduaneusis
591 1555 624 1618 in
639 1552 797 1619 Historia
811 1554 1008 1632 Palaestina,
1023 1573 1100 1638 cap.
1115 1555 1169 1620 12.

186 1667 274 1735 Cum
287 1671 397 1734 nuntii
412 1670 540 1735 Salutis
563 1670 751 1748 adveniant,
773 1672 909 1737 sinistra
923 1675 1112 1756 praenuntia
1127 1677 1137 1706 ‘
1152 1672 1237 1737 Pes-

147 1771 250 1838 simus
264 1773 299 1836 iu
314 1772 425 1838 dubiis
439 1791 544 1856 augur
557 1771 676 1838 timor!
718 1772 844 1857 Papio.
858 1773 952 1837 initio
962 1773 1038 1839 libri
1051 1774 1139 1839 tertii
1148 1773 1238 1840 The·

146 1874 273 1940 baidos.

261 2007 385 2074 Ionon.
401 2007 659 2074 saresberiensis
675 2009 838 2075 Policrat.
853 2008 914 2073 lib.
930 2026 957 2074 ι.
972 2028 1049 2093 cap.
1068 2008 1117 2074 18.

187 2130 356 2194 Potuerat
377 2127 467 2212 apud
493 2128 635 2194 Statium
657 2129 826 2214 praesagio
847 2129 1022 2193 volucrum
1045 2128 1240 2195 Graecorum

149 2231 313 2296 exercitos
328 2228 514 2295 confortari.

413 2361 511 2428 Idem
526 2362 690 2449 Metalog.
703 2365 763 2431 lib.
780 2380 838 2430 ιιι.
855 2384 929 2450 cap.
941 2364 974 2429 1.

190 2482 375 2567 Polynices
390 2483 434 2547 ab
449 2480 598 2548 Adrasto
613 2504 718 2567 genus
740 2485 973 2567 interrogatos,
988 2484 1037 2548 ait
1056 2481 1240 2566 Utrumque

149 2584 398 2668 complectens:
433 2583 618 2649 ‘Cadmus
646 2586 738 2669 origo
767 2592 908 2669 petrum,
936 2584 1042 2649 tellus
1071 2582 1242 2648 Mavortia

150 2685 297 2752 Thebae-³
310 2684 416 2750 Theb:
432 2702 458 2750 1.
472 2684 547 2751 680.

148 2817 278 2884 Auctor
293 2815 449 2882 Chronici
465 2816 766 2895 Lourishemeusis‚
775 2836 797 2881 a
809 2814 858 2879 Μ.
872 2813 1131 2881 Freberoeditns
1143 2834 1176 2899 p.
1186 2812 1241 2878 92.

190 2936 274 3020 lpse
289 2952 423 3019 quoque
439 2934 616 3001 Palatinus
626 2924 745 2999 ¹ereni
765 2932 899 3012 Comes,
912 2933 1014 2998 irater
1028 2931 1243 3015 Imperatoris

148 3038 299 3105 Conradi
313 3035 505 3120 praesentia,
526 3034 675 3120 ejusdem
697 3034 863 3101 Ecclesiae
887 3032 1082 3113 advocatus,
1097 3033 1245 3098 divinam

150 3140 473 3206 animadversionem
488 3138 592 3201 sensit
606 3145 641 3203 et
655 3141 814 3221 expertus
826 3141 896 3202 est:

278 3241 459 3305 Fraternas
473 3239 578 3318 acies,
594 3244 804 3323 cognataque
817 3258 921 3323 regna
935 3236 1087 3322 profanis

281 3342 468 3408 Decertata
483 3340 583 3406 odiis.

458 3472 638 3541 Gerbertus
653 3470 764 3557 Epist.
780 3487 946 3538 oxxxrv.

193 3594 231 3660 Si
244 3611 325 3676 ergo
347 3596 381 3657 te
407 3610 487 3657 cmo
508 3596 670 3657 tantorum
695 3592 815 3657 retinet
829 3610 948 3669 rerum,
961 3589 1116 3654 volumen
1130 3583 1248 3651 Achil·

151 3696 260 3762 leidos
272 3692 371 3761 Statii
383 3692 559 3777 diligenter
572 3694 793 3777 compositum
805 3694 905 3758 nobis
919 3692 1033 3773 dirige.

481 3826 577 3894 Idem
591 3825 736 3911 Epistol.
750 3841 915 3891 cxnvur.

194 3945 390 4030 Praegravat
404 3944 542 4011 affectus
556 3952 646 4024 tuus,
662 3944 891 4011 amantissime
905 3940 1017 4017 irater,
1028 3956 1116 4021 opus
1134 3935 1249 4003 Achil-

152 4047 273 4126 leidos,
289 4048 383 4132 qood
396 4048 479 4113 bene
499 4046 637 4133 quidem
661 4044 829 4134 incepisti,
849 4043 911 4109 sed
926 4040 1077 4107 defecisti
1093 4038 1173 4105 dnm
1189 4059 1250 4105 ex-

153 4151 279 4235 emplar
294 4149 428 4219 defecit.

191 4267 281 4331 Delph.
294 4271 317 4317 ct
331 4266 459 4320 Vonclar.
671 4262 736 4311 Stat.
1163 4256 1186 4305 0
