2992 4900
509 396 719 448 sruvsnuu
743 397 816 446 nro.
840 398 881 448 rr.
903 385 935 450 6.

175 537 331 624 Spiritus,
342 543 377 605 ct
389 543 500 606 tenero
512 540 682 608 manifesti
696 542 903 624 insanguine
918 561 1036 608 mores.

176 641 340 726 Optarent
351 642 493 708 multum
509 642 635 720 Graiae,
646 649 871 726 cuperentque
887 645 1018 709 Latinae

176 743 233 808 Sic
248 745 421 828 peperisse
434 763 546 809 nurus.
585 744 780 810 Nontalem
795 745 917 810 Cressa
932 746 1111 830 superbum
1232 747 1276 811 25

176 844 311 912 Callida
326 847 460 911 solicito
476 846 650 912 revocavit
665 844 801 910 Thesea
811 844 891 910 filo:

178 946 252 1012 Nec
267 945 365 1028 Puris
379 947 535 1012 OEbnlios
552 948 632 1012 telis
645 948 779 1012 visurus
791 966 920 1012 amores

177 1047 340 1116 Rusticus
352 1050 481 1113 invisas
492 1049 615 1133 dejecit
624 1051 660 1114 iu
675 1070 813 1135 aequorn
827 1051 937 1134 pinus.

177 1147 257 1214 Non
271 1147 364 1224 fallo,
381 1155 440 1215 aut
454 1159 573 1216 cantus
588 1157 722 1217 assuretn
737 1153 877 1218 licentia
891 1152 1004 1216 ducit:

176 1249 271 1330 Vidi,
285 1257 319 1315 et
332 1251 442 1315 adhuc
458 1253 567 1332 video,
582 1256 718 1336 quatem
731 1275 797 1320 nec
811 1255 902 1320 bella
915 1261 1090 1320 caventem
1232 1258 1276 1322 30

176 1449 252 1511 osus,
268 1455 293 1500 et
310 1466 385 1502 stores
400 1453 532 1516 padihssdo
548 1453 632 1503 robore
650 1454 778 1517 lagoum
796 1455 936 1518 copulem.
969 1454 1066 1503 Lntisoe
1076 1459 1099 1502 et
1112 1455 1196 1503 Greia
1206 1468 1278 1503 saras

177 1513 355 1577 desiderassent,
365 1523 390 1566 el
401 1519 525 1567 oolrdssm
534 1519 643 1579 gessisse
654 1521 713 1568 toles
722 1519 816 1568 liberos
851 1519 972 1581 Superbus
990 1519 1098 1574 Theseus,
1116 1533 1184 1580 parens
1198 1523 1279 1566 ostatu

180 1578 300 1629 cretensis
310 1583 339 1629 ds
348 1596 375 1630 eo
384 1583 478 1631 wlieito
494 1582 675 1647 renascendis,
692 1597 738 1632 sorr
753 1599 781 1632 en
800 1589 853 1633 erut
863 1586 912 1632 oris
928 1584 1012 1646 specie.
1046 1583 1099 1631 Nee
1114 1587 1196 1644 postor
1208 1582 1280 1630 Poris

178 1643 236 1692 telis
243 1649 306 1706 eret,
315 1645 357 1694 uhi
367 1651 521 1696 cumiano
533 1647 653 1696 OEtsliosr
664 1649 764 1697 satem
773 1649 901 1698 deducitis
909 1662 976 1696 saure
985 1660 1066 1704 mess,
1076 1661 1129 1708 psa
1136 1646 1221 1694 incita
1230 1661 1279 1694 rso·

176 1707 296 1760 uhsstsr.
331 1709 387 1759 Nos
398 1710 470 1774 sollo,
480 1726 522 1760 nee
532 1713 602 1760 solito
613 1713 708 1762 tibertus
718 1713 832 1761 carminis
846 1727 883 1761 sse
894 1713 967 1775 repit.
1004 1711 1073 1773 Vidi,
1082 1715 1106 1759 et
1117 1712 1193 1760 odhac
1203 1713 1280 1759 mente

636 1861 819 1882 'W

178 1967 290 2019 Adsere.
299 1968 345 2020 lib.
356 1984 375 2020 r.
385 1985 441 2034 cap.
454 1976 480 2020 5.
492 1985 517 2034 p.
528 1975 570 2021 5³.
587 1970 758 2020 Marklandus
773 1968 800 2018 in
817 1975 971 2019 contextum
982 1968 1159 2030 recepte-es
1175 1965 1281 2029 ‘Suspi-

180 2032 1280 2148 stitt'tstt‘ttt·-‘''rstttt:tol⁶'¹tt·.¹¹didicisti?itti

178 2114 313 2212 detestor?
323 2162 338 2224 ;'
355 2162 401 2212 sed
413 2115 462 2212 goe
474 2134 525 2212 noh
537 2165 600 2212 sutis
612 2163 713 2213 luisset.
745 2135 826 2212 fiens
834 2114 925 2212 {entur
936 2176 991 2210 snus
1008 2133 1121 2210 Stetiurn
1133 2160 1280 2224 scripsisse:

182 2225 319 2276 NecPoris
330 2261 415 2277 .....
427 2229 528 2277 lhoosis
546 2229 644 2288 incisos,
661 2230 700 2290 dfe.
733 2227 786 2276 Pro
802 2227 893 2275 innisus
912 2227 1042 2274 nonnullos¹
1062 2225 1123 2273 edd.
1144 2237 1280 2288 perperam

180 2290 278 2340 habent
299 2291 406 2341 irritus!
434 2293 530 2343 Mariti.
555 2293 644 2342 insitus
664 2307 697 2340 ex
715 2291 757 2339 ed.
779 2299 832 2340 ret.
853 2298 988 2353 receperat
1004 2290 1283 2351 lindenbrogius-so

180 2353 268 2404 Psrm.
279 2355 354 2406 lloro.
364 2355 470 2407 vicent.
485 2357 559 2406 Brix.
577 2356 656 2406 Aldd.
667 2357 751 2406 Coliu.
763 2355 865 2420 Gryph.
875 2355 956 2404 Busil.
968 2359 1017 2403 dre.
1028 2359 1166 2413 essentem
1183 2353 1284 2402 Grono-

180 2418 237 2469 vius
248 2419 331 2471 edidit
341 2426 470 2483 esoestesr,
483 2422 520 2471 sic
533 2421 600 2472 eninr
613 2429 725 2485 appetet
735 2421 761 2469 in
771 2420 882 2470 Amstel.
890 2435 950 2485 quse
961 2419 1004 2468 ed.
1015 2419 1132 2469 tironos⁸
1144 2418 1213 2467 hasis
1225 2424 1282 2476 est-r

181 2484 208 2535 iu
227 2484 326 2534 Erratis
342 2492 431 2535 umen
448 2487 480 2537 V.
499 2488 536 2536 Ι).
554 2488 646 2551 reponi
659 2486 713 2535 vult
726 2492 854 2544 wetsten,
871 2492 899 2534 ut
915 2484 1056 2534 exhibetur
1072 2486 1099 2532 in
1112 2483 1207 2534 l'erret.
1219 2487 1242 2531 1.
1255 2491 1284 2530 et

181 2549 301 2599 ediderat
313 2550 466 2600 Gessrtius.
498 2552 542 2601 ‘Si
554 2553 742 2616 quiescentem
753 2566 812 2601 curn
831 2550 960 2601 Gorartio
980 2550 1126 2599 eteruceo
1138 2549 1220 2609 malit,
1232 2560 1283 2595 non

180 2614 361 2678 pugnabimus.
395 2615 464 2666 Illud
477 2623 564 2666 tarsen
573 2616 653 2680 magis
664 2616 763 2679 placet,
774 2631 831 2665 curn
844 2629 895 2664 non
904 2614 938 2663 oh
949 2615 1111 2664 exercendos
1124 2623 1227 2674 cautus,
1236 2613 1282 2661 sed

678 2763 788 2815 NOTAE

214 2880 245 2925 25
265 2876 363 2939 Cressa]
382 2874 496 2925 Ariadna
507 2874 648 2926 Cretensis.
665 2873 712 2923 So·
754 2872 838 2923 Paris.
872 2872 991 2942 OEhslios]
1006 2870 1222 2932 Seuspnrtsnos:
1239 2865 1283 2915 (Ε-

180 2952 277 3015 palam
290 2950 390 3013 lheseo]
405 2950 449 3000 Oh
468 2955 583 3013 spretsnr
599 2948 713 2999 fortasse
755 2947 898 2998 halisenirn
908 2947 981 3011 regio
993 2944 1286 3007 loconimujusspar·

183 3027 325 3078 Ariadnen.
359 3028 411 3077 Vel
427 3027 560 3089 supersum,
576 3026 609 3076 oh
627 3026 715 3077 Sciro-
755 3034 784 3077 ts
794 3031 883 3090 ceput.

182 3118 252 3166 nero,
271 3103 371 3166 Sinnin,
386 3110 414 3153 et
436 3104 571 3165 Cercyona
595 3102 713 3165 publicos
786 3106 820 3153 28
837 3101 961 3164 Misso]
978 3100 1052 3149 Poris
1069 3096 1137 3146 enirn
1149 3093 1285 3158 expositus

182 3184 344 3242 grassatores
356 3194 372 3227 s
382 3192 410 3231 se
422 3185 561 3241 peremtus.
754 3175 840 3228 tuerat
858 3193 874 3225 a
891 3176 1044 3241 perentibus
1064 3173 1152 3223 stetim
1169 3186 1200 3221 sc
1211 3177 1286 3221 uatus

214 3259 249 3305 26
265 3255 360 3307 Callida
378 3255 471 3304 solicito
492 3255 609 3303 reuocauit
627 3252 714 3303 lheses
754 3253 815 3316 tuit,
822 3267 852 3303 ac
862 3252 931 3303 inter
940 3253 1084 3302 rusticoset
1095 3254 1215 3313 pastores
1224 3246 1287 3295 edu·

175 3329 234 3395 filo]
249 3332 321 3382 Noto
339 3330 437 3390 sabula,
450 3344 503 3393 qua
521 3328 648 3390 Theseus,
662 3342 713 3391 opo
756 3335 837 3379 catus.
870 3320 1287 3389 lsoimdejeeitisaeqsorupisss]

182 3406 232 3468 titi,
247 3406 317 3472 quod
335 3406 372 3456 illi
385 3406 494 3455 dederat
505 3404 632 3465 Ariadne,
643 3417 715 3455 erro·
756 3405 832 3454 Puris
852 3404 921 3453 enirn
938 3407 1073 3453 contrecta
1085 3400 1169 3449 classe
1181 3397 1287 3459 nariga-

184 3483 256 3533 rlbus
266 3483 408 3547 labyrinthi
420 3483 512 3533 evasit.
531 3480 640 3543 Callida]
655 3478 715 3529 Ari·
755 3480 793 3529 sit
803 3480 936 3543 Spartam,
946 3493 976 3528 ac
986 3478 1113 3529 Helenum
1125 3476 1220 3538 rapuit.
1244 3472 1287 3521 Pi·

177 3560 250 3611 sdne
271 3560 380 3623 scilicet,
399 3559 467 3624 quod
496 3558 563 3609 huuc
586 3556 715 3605 liheraudi
757 3556 811 3621 sss]
839 3556 871 3607 ld
887 3552 1288 3617 sst,nsves,qoiaexpinusae·

182 3636 279 3686 'l'hesei
305 3636 409 3687 modom
438 3634 572 3688 invenerit.
617 3632 715 3683 Solicito
757 3634 814 3697 pius
843 3632 1023 3684 coniiciuntur.
1059 3627 1154 3678 lucisne
1174 3624 1287 3689 [insitus]

175 3712 236 3777 fito]
255 3711 323 3761 lllud
343 3712 435 3761 wticito
458 3716 544 3774 potest
567 3707 659 3759 referri
682 3709 714 3758 sd
756 3710 838 3762 Quasi
846 3711 944 3761 nollent
957 3706 1105 3757 consentire
1121 3701 1288 3765 profectioni,

182 3789 444 3854 utrumqne,'l'heses
461 3787 563 3837 scilicet
578 3792 607 3836 et
623 3785 714 3835 Ariad·
755 3788 929 3851 cujusscopns
939 3778 1222 3845 eratrsptusHelenae.

182 3880 244 3929 narr,
268 3866 337 3931 qnod
360 3878 454 3927 nempe
480 3864 549 3913 auxii
575 3869 603 3912 et
622 3862 717 3913 soliciti
789 3853 1289 3921 29Nossulto]SupraEpieedinGtau-

182 3950 258 3991 erant
269 3940 303 3989 de
313 3948 410 3991 eventu
421 3940 467 3989 lili.
758 3936 822 3987 cin:
838 3936 898 3985 ‘Nil
920 3935 988 3984 veris
1010 3931 1104 3995 affingo
1124 3929 1214 3979 honis-⁸
1242 3930 1288 3979 As·

213 4022 246 4067 ll
265 4016 352 4081 Poris]
378 4016 452 4067 Paris
478 4014 546 4065 filius
568 4012 666 4063 Priami
689 4017 717 4061 et
757 4008 942 4073 adsistentis]
958 4006 1169 4059 Poetisscilicet.

183 4094 312 4151 Hecuba,
332 4102 422 4158 raptor
436 4092 547 4142 Helene
558 4092 622 4141 satis
633 4094 716 4139 notus.
789 4092 822 4137 lt)
834 4088 933 4143 Qsoters
942 4101 984 4135 sec
995 4086 1054 4135 tello
1064 4086 1184 4132 montem
1193 4080 1289 4131 littore

184 4170 298 4221 OEhulios
318 4168 420 4232 omnes]
453 4169 581 4217 Helenam
609 4166 716 4229 Sparte·
757 4164 864 4226 uirgineo
894 4164 975 4214 Thetis
1001 4161 1128 4210 orcaltooit
1158 4158 1288 4220 Achillem]

181 4261 253 4309 narn,
264 4260 371 4296 risorem
388 4244 513 4307 Menelai,
525 4257 603 4308 quern
612 4240 716 4293 mabar
757 4239 898 4308 Comparst
912 4239 954 4290 hic
965 4237 1164 4289 Philetuurcum
1175 4233 1288 4296 Achille,

214 4329 305 4393 Dstpt.
317 4332 345 4376 et
355 4326 412 4377 Vos.
423 4324 487 4377 Cios.
707 4320 773 4371 Sint.
1197 4314 1224 4365 lt
