2992 4900
245 413 268 479 2
725 430 916 482 srrsuonr.

245 577 302 636 tus
318 569 430 637 l’o‘dta
440 573 667 657 praestitisset,
679 591 723 640 ex
737 573 872 640 duobus
886 573 1003 659 primis
1017 571 1125 652 libris,
1139 589 1226 655 qnos
1240 573 1335 638 solos

245 675 446 758 composuit,
458 674 558 740 facile
572 674 780 758 intelligitur.
824 675 865 739 ln
878 675 943 752 his,
958 675 1218 740 Sennnrssrrrs
1234 674 1335 740 Dru·

246 790 376 853 rurus,
398 776 509 842 vivam
535 783 602 842 tuae
625 776 839 842 educationis
864 776 1015 842 uidemus
1038 775 1226 858 imaginem.
1279 776 1334 843 lhi

244 875 513 959 sapientissimus
536 874 660 942 Chiron
685 864 834 942 animum
857 876 1091 960 ingeniumque
1113 875 1251 942 illustris
1279 876 1333 940 sni

244 975 402 1060 discipuli
415 977 568 1042 omnibus
581 977 760 1042 uirtutibus
784 987 819 1043 et
832 979 969 1062 optimis
989 976 1179 1060 disciplinis
1193 975 1332 1055 excolit,

244 1083 280 1142 et
292 1084 446 1158 exornat,
466 1077 604 1162 ejusque
626 1097 750 1164 corpus
772 1079 905 1145 bellicis
928 1078 1225 1144 exercitationibus
1238 1078 1333 1143 indu·

243 1185 310 1242 rat.
350 1177 390 1244 In
413 1180 570 1244 omnihus
599 1186 715 1244 autem
738 1180 876 1264 Papinii
901 1180 1070 1264 operibus,
1099 1187 1139 1243 ut
1166 1179 1332 1260 ingenium

243 1280 365 1357 elucet,
380 1281 431 1346 sic
445 1281 605 1347 honestas
620 1301 758 1362 morum,
773 1301 842 1366 qua
864 1282 1034 1365 praecipue
1049 1281 1331 1348 commendandus

242 1385 304 1458 est,
320 1399 428 1463 eaque
442 1387 493 1446 tot
504 1381 666 1447 salutaria
673 1382 752 1448 vitae
762 1389 949 1466 praecepta,
960 1382 1153 1466 monitaque
1163 1401 1204 1448 ac
1214 1401 1332 1464 graves

242 1482 426 1547 sententies
441 1483 623 1560 continent,
644 1488 682 1547 ut
707 1484 908 1567 scriptorum
930 1481 1002 1566 ejus
1025 1482 1139 1561 lectio,
1154 1484 1245 1548 sicut
1258 1502 1332 1565 gra·

240 1581 384 1659 tissima,
413 1583 460 1646 ita
487 1582 676 1648 utilissima.
721 1582 789 1648 Sed
818 1582 902 1647 inter
929 1583 1002 1666 ejus
1025 1582 1130 1661 dicta,
1152 1583 1234 1649 nihil
1257 1585 1333 1663 tihi,

242 1680 500 1746 Snnssrssrrrs
513 1681 731 1760 Dnnsrrrsn,
741 1683 851 1765 magis
862 1683 1032 1766 proprium
1042 1689 1105 1762 est,
1115 1704 1216 1769 quam
1223 1685 1307 1750 illud
1321 1706 1331 1750 r

242 1785 253 1816 ‘
268 1780 373 1848 Disce
385 1782 533 1866 petrem:
548 1803 616 1869 quo
640 1784 788 1850 nobilem
813 1784 1062 1850 adolescentem
1077 1784 1120 1849 nd
1135 1787 1241 1870 patris
1255 1786 1331 1852 irni-

240 1884 414 1962 tstionem‚
429 1886 492 1952 riri
505 1885 635 1970 optimi,
644 1883 859 1970 ejusdemque
872 1885 992 1951 summi
1002 1886 1112 1964 ducis,
1122 1887 1333 1956 exhortatur.

240 1985 287 2050 Et
301 1992 392 2050 certe
411 1987 492 2070 quid
514 1987 583 2052 dici
605 1990 727 2070 potest,
753 1985 845 2069 quod
868 1992 901 2051 te
926 1985 1004 2069 plus
1023 1985 1150 2065 deceat,
1173 1986 1330 2072 quodque

239 2087 346 2168 magis
360 2089 476 2170 pronis
487 2087 623 2154 auribus
634 2085 801 2169 excipias,
810 2104 911 2168 quam
925 2084 1004 2163 hoc,
1025 2086 1151 2150 ‘Disce
1165 2093 1296 2171 patrem
1303 2087 1332 2151 ‘l'

240 2205 319 2250 cum
340 2207 461 2270 parens
476 2193 553 2254 tuus
568 2187 791 2252 hunovruus
815 2185 981 2251 hirenus
997 2187 1044 2252 sit
1056 2187 1206 2252 omnium
1223 2189 1329 2254 virtu-

239 2291 322 2365 tum,
337 2307 416 2372 quae
429 2290 542 2356 inesse
556 2295 702 2373 possunt
725 2293 794 2354 tarn
815 2288 958 2372 principi
972 2287 1056 2365 viro,
1070 2306 1172 2371 quam
1186 2289 1329 2371 priuato,

239 2387 528 2456 absolutissimum
541 2389 740 2474 exemplum.
784 2389 822 2455 Si
844 2388 932 2454 enim
955 2393 1144 2473 spectemus
1158 2387 1235 2473 ejus
1248 2408 1330 2473 erga

239 2488 349 2554 Deum
374 2491 555 2574 pietatem:
585 2510 663 2574 erga
689 2489 899 2573 Religionem
928 2488 1139 2555 catholicam
1161 2508 1327 2557 amorem:

237 2588 308 2655 sim
322 2592 439 2657 mentis
453 2596 554 2676 atque
577 2591 840 2675 amplitudinem,
864 2590 987 2673 quibus
1004 2588 1099 2654 solus
1111 2596 1167 2653 tot
1181 2608 1223 2655 ac
1235 2595 1328 2657 tanta

237 2692 373 2772 negotis
387 2693 545 2759 sustinet:
567 2692 806 2770 fortitudinem,
825 2710 897 2775 qua
915 2695 968 2756 tot
981 2708 1034 2755 res
1047 2689 1327 2773 preclarissimus

237 2788 321 2856 edit:
342 2792 602 2858 moderationem
615 2793 727 2870 animi,
738 2791 881 2875 qnasibi
893 2791 1039 2874 imperat
1053 2791 1087 2855 iu
1101 2792 1327 2876 prosperrimo

236 2888 380 2955 fortunae
395 2910 467 2957 sure
481 2910 601 2957 cursu:
622 2891 773 2956 studium
786 2892 823 2955 in
837 2892 972 2975 egregia
984 2909 1140 2975 qumque,
1154 2910 1223 2975 quo
1237 2896 1327 2958 artes

235 2986 394 3071 ingenuas
406 3010 504 3073 paene
518 2990 637 3056 exules
653 2991 843 3057 revocaritr
864 2990 1008 3076 denique
1021 2991 1051 3055 si
1066 2995 1255 3075 spectemus
1269 3012 1328 3058 ne·

235 3092 323 3153 teras
333 3089 409 3172 ejus
424 3090 567 3155 eximias
579 3089 686 3169 dotes,
701 3090 848 3173 speciem
863 3090 1004 3175 imperio
1017 3090 1165 3173 dignam,
1179 3094 1327 3175 gravita-

235 3192 314 3267 tem,
334 3188 516 3272 justitiam,
529 3190 781 3271 liberalitatem
801 3190 986 3271 fatendum,
999 3191 1084 3256 nihil
1098 3193 1166 3257 tale
1178 3192 1326 3277 majores

234 3296 369 3354 nostros
382 3288 523 3369 vidisse,
536 3290 602 3355 tale
623 3288 705 3355 nihil
728 3296 871 3374 nepotes
891 3291 1034 3357 visuros.
1079 3291 1124 3357 Et
1137 3293 1171 3357 in
1184 3292 1251 3359 hoc
1264 3301 1328 3361 tna

233 3386 311 3455 laus
322 3389 456 3471 eminet,
472 3390 731 3456 serumserum
757 3392 980 3474 Decumum
1009 3394 1043 3459 in
1064 3400 1096 3460 te
1110 3394 1201 3459 enim
1214 3396 1327 3478 splen-

234 3488 315 3554 dere
332 3488 404 3573 jam
427 3491 579 3557 videmus
597 3491 757 3576 quicquid
770 3492 807 3557 in
825 3498 922 3558 tauto
942 3494 1094 3580 principe
1112 3495 1324 3579 admiramur,

233 3594 336 3673 tuque
349 3594 417 3661 um
431 3592 602 3658 excellens
621 3594 814 3677 exemplum
832 3594 1073 3677 perfectissime
1086 3604 1324 3680 representas.

235 3686 320 3752 hlihi
334 3698 445 3758 autem
460 3692 628 3777 precipue
641 3693 890 3777 suspiciendus,
904 3696 1133 3779 amandusque
1147 3695 1324 3781 Papinius,

233 3804 309 3851 cum
323 3789 404 3853 mihi
418 3793 630 3857 occasionem
645 3794 771 3878 aliquid
790 3797 826 3860 in
848 3814 946 3859 usum
959 3801 1054 3860 tuum
1066 3798 1229 3864 exarandi
1242 3802 1325 3866 snb-

233 3888 481 3969 ministraverit‚
499 3893 644 3977 mihique
666 3895 799 3961 abunde
818 3896 879 3961 erit
892 3896 1020 3979 gloriae,
1034 3897 1065 3961 si
1077 3897 1324 3969 lucubrationes

232 4008 319 4053 mem
347 4008 416 4055 non
441 3991 505 4056 tihi
535 3993 773 4079 displicuerint.
816 3993 914 4074 Vale,
937 3996 1194 4064 Suasnresrrrs
1222 3998 1324 4067 Dat·
1374 4062 1381 4071 .

234 4105 365 4155 rrsrss.
407 4090 502 4158 Dens
517 4092 684 4181 Optimus,
696 4094 880 4175 Maximus,
895 4097 957 4163 tibi
971 4099 1052 4164 laeta
1065 4100 1178 4166 omnia
1190 4099 1322 4169 fausta·

232 4210 298 4278 que
312 4198 444 4259 annuat.
