2992 4900
600 392 806 468 ianuario.
1226 405 1252 474 t

149 567 226 644 poen
238 555 375 622 crimina
385 556 503 643 forme
517 575 578 641 pro
593 557 793 628 discrimino,-
817 579 941 623 eunucu
961 559 1031 622 vita
1045 580 1107 642 pro
1121 558 1248 630 limine:

153 673 187 724 et
199 661 274 726 haec
290 660 404 725 omnia
427 659 520 743 (quae
534 658 648 723 itidem
667 679 712 724 ex
731 660 862 726 duobus
880 661 1051 743 prioribus
1073 660 1170 729 tibris
1192 662 1251 726 ‹ie-

153 768 264 825 snmtu
277 759 369 843 sunt)
389 780 412 824 a
428 761 508 824 viris
520 760 641 826 Doctis
662 765 720 824 aut
741 762 948 838 transmissa,
963 767 1031 838 aut,
1043 761 1131 845 qnod
1148 783 1248 847 mque

153 863 338 939 miraberis,
363 860 497 926 defensa
522 869 555 926 et
579 864 776 944 explicatat
822 861 917 942 Quid
937 862 1093 947 donique,
1110 866 1248 928 cumaei

152 961 211 1026 illa
236 971 387 1027 monstra
408 963 544 1039 veneris,
563 963 726 1046 peraravit
751 983 829 1027 auro
849 985 911 1048 pro
931 964 1107 1034 decorastis
1128 963 1252 1029 undose.

36 1129 38 1134 ,
154 1061 274 1146 Africae
303 1083 364 1146 pro
389 1061 518 1133 dotem
550 1059 697 1128 Rusticus
718 1085 779 1148 pro
806 1062 955 1128 Troasin.-
981 1066 1136 1150 perpetuis
1145 1064 1248 1151 fustis

153 1183 213 1246 pro
223 1165 358 1228 centenis
360 1161 483 1250 sestis,-
497 1163 603 1249 Atque
618 1163 676 1228 tibi
690 1185 845 1251 moresque
868 1175 936 1228 teos
949 1185 1010 1248 pro
1026 1163 1142 1250 Meque
1155 1166 1248 1233 taei-

153 1273 201 1326 tus
214 1284 367 1350 erroresque
381 1275 468 1334 tuosr
480 1265 572 1349 sousa
588 1285 647 1348 pro
662 1287 788 1350 cumpo.-
810 1265 905 1330 oeulis
917 1285 979 1350 pro
994 1264 1160 1352 lucrymis,-
1183 1269 1246 1333 ite-

153 1384 223 1428 rurn
238 1364 336 1428 ocutis
353 1385 414 1448 pro
438 1367 543 1453 rogis,-
566 1377 661 1432 metue
683 1388 747 1452 pro
771 1378 908 1438 turma,-
938 1366 1037 1451 sylva
1051 1391 1114 1432 una
1129 1386 1191 1451 pro
1209 1366 1248 1432 se·

153 1466 305 1548 conjures:
332 1485 408 1530 oeno
429 1475 526 1532 tecum
549 1488 612 1551 pro
627 1488 712 1532 uerso
730 1467 870 1539 Paeto:
898 1475 944 1547 et,
957 1477 996 1534 nt
1007 1491 1073 1536 uuo
1086 1472 1245 1554 exemplo

153 1565 265 1630 omnia
274 1572 425 1648 portenta
437 1569 656 1652 complectar,
668 1571 760 1653 qnid,
770 1590 846 1636 cum
860 1590 904 1635 ex
917 1571 1008 1636 hisce
1023 1571 1154 1636 duobus
1168 1585 1249 1636 ren

153 1665 271 1728 siculis
284 1665 361 1729 Lib.
373 1683 422 1728 ιν.
438 1667 471 1732 3.
487 1669 539 1733 20.

416 1783 484 1848 Hic
500 1786 611 1848 scenis
627 1785 744 1868 popuii
758 1786 832 1850 vius
848 1794 1004 1868 gravatas

409 1885 451 1950 Et
467 1888 598 1970 campis
612 1889 676 1951 iter
690 1905 786 1950 ornne
800 1887 992 1964 detinentes,

152 2011 187 2068 ut
200 2023 285 2068 nuuc
300 2003 399 2085 vulgo
412 1991 624 2085 leguntur,'et
639 2023 659 2068 a
675 2005 754 2068 viris
769 2000 976 2067 doctissimis
993 2005 1156 2088 explicati
1170 2004 1242 2068 iue-

152 2115 241 2184 runt3
272 2125 346 2169 cum
362 2125 405 2168 ex
421 2103 484 2183 his,
500 2106 647 2189 inquam,
673 2105 791 2170 decem
809 2105 965 2180 vocibus,
978 2124 1050 2183 sex,
1065 2113 1099 2170 et
1112 2107 1145 2169 in
1160 2125 1241 2170 non-

151 2206 250 2269 nullis
276 2205 488 2270 Editionibus
503 2213 630 2289 septem
647 2205 848 2288 depravatas
868 2206 1080 2288 probavero'i
1124 2205 1241 2270 Habess

99 2307 101 2312 ’
150 2307 241 2370 bisne
257 2305 369 2384 fidem,
398 2307 531 2384 Lector,
546 2308 599 2370 his
614 2308 808 2371 miraculis?
834 2308 1005 2389 anspotius
1020 2315 1161 2390 paratus
1175 2309 1243 2372 eris

149 2426 213 2472 non
228 2406 362 2473 credere
376 2407 506 2473 etiamsi
522 2408 727 2473 crediderist
1204 2490 1207 2495 Ι

192 2508 307 2593 Atque
334 2510 398 2574 hoc
427 2510 503 2574 loco
528 2508 731 2575 destinaram
753 2510 880 2594 aliquid
909 2510 1019 2575 dicere
1040 2508 1082 2573 de
1103 2506 1244 2573 Mendis'

150 2610 330 2691 Statianis3
358 2616 392 2675 et
406 2610 569 2693 exemplis
584 2630 629 2676 ex
646 2608 731 2675 Mss.
746 2621 780 2676 et
794 2614 940 2697 antiquis
953 2612 1149 2676 unctoribus
1163 2629 1240 2695 pro·

149 2712 227 2777 tatis
242 2712 400 2795 originem
412 2710 603 2794 hujusmodi
618 2730 765 2776 errorum
779 2712 948 2795 detegere:
965 2712 1024 2776 sed
1039 2710 1241 2776 diffundente

150 2832 185 2876 se
199 2814 303 2877 latins
328 2812 476 2890 materia,
496 2816 529 2878 et
552 2814 586 2877 in
612 2816 726 2898 capita
744 2815 840 2898 plura
855 2820 1015 2896 surgente,
1030 2810 1240 2876 commodius

149 2917 253 2980 visum
268 2922 321 2981 est
333 2914 388 2979 hic
400 2914 571 2995 omittere3
587 2916 770 2998 praesertim
784 2932 859 2979 cum
869 2914 905 2978 in
920 2912 1023 2979 Notis
1033 2912 1239 2996 plerumque,

149 3012 282 3099 quando
302 3034 388 3100 opus
406 3020 470 3093 ost,
484 3012 547 3080 hoo
563 3016 711 3080 facturus
727 3016 804 3078 sim.
847 3012 976 3079 Interea
990 3013 1033 3077 de
1048 3011 1239 3077 conditione

146 3118 262 3182 harma
276 3118 450 3203 Sylvarum
467 3118 516 3182 sic
528 3118 635 3183 habe:
651 3116 776 3200 Scripti
791 3136 903 3180 earum
919 3114 1064 3180 Codices
1079 3112 1240 3178 rarissimi

147 3226 244 3283 sunt:
267 3219 355 3283 duos
371 3216 487 3283 habuit
501 3216 675 3296 Barthius3
696 3216 815 3301 (unum
836 3215 944 3281 literis
959 3214 1161 3298 capitalibus
1177 3232 1238 3307 ex·

147 3328 287 3397 aratum,
311 3320 370 3403 qui
386 3320 510 3383 utinam
522 3325 651 3383 extaret
662 3314 688 3401 3)
713 3317 819 3381 neutri
841 3336 953 3381 eornm
976 3316 1042 3379 nisi
1057 3314 1240 3399 perpaucis

146 3422 233 3487 horis
250 3420 297 3487 uti
311 3420 361 3485 illi
374 3420 477 3499 licuit,
493 3429 629 3503 propter
641 3418 794 3484 flammas
809 3417 969 3482 mansioni
985 3417 1060 3499 ejus
1071 3418 1236 3502 injectas3
1280 3442 1286 3454 ’

145 3524 267 3607 quibus
283 3532 396 3586 tamen
410 3522 546 3604 elapsos
569 3523 648 3586 illos
664 3520 856 3605 suspicatus
872 3523 947 3584 est.¹
991 3519 1104 3582 Atium
1120 3516 1237 3582 laudat

143 3622 262 3689 Justus
278 3622 533 3704 Zinzerlingius,
548 3623 712 3689 Promuls.
741 3618 886 3686 critica:
899 3618 1013 3696 alium,
1029 3616 1236 3699 Lipsianum,

145 3725 338 3790 Bernartius
352 3726 387 3788 in
404 3722 506 3789 Notis
527 3726 672 3809 passim:
701 3724 802 3787 alium
825 3720 1028 3787 Gebhardus
1044 3718 1156 3781 (iurar.
1173 3716 1237 3782 Ju-

143 3826 301 3893 ronilium
315 3826 372 3891 lib.
389 3842 447 3890 111.
490 3827 646 3891 Senensis
660 3844 739 3890 vero
754 3830 787 3889 et
801 3821 949 3887 Medicei
970 3818 1150 3903 Excerptis
1164 3825 1237 3884 ute-

143 3928 239 3994 batur
266 3926 479 4008 Grouovius;
508 3934 540 3991 et
566 3934 695 4011 postea,
716 3946 785 3991 uno
799 3924 940 3990 Joannis
955 3920 1091 3998 Rhodii,
1106 3920 1235 3985 charta

142 4048 223 4109 peo;
254 4028 359 4094 altero
384 4026 639 4113 archiepiscopi
669 4026 944 4109 Salisburgeusis,
968 4024 1234 4123 membranaceo.

189 4210 313 4262 l‘Huue
333 4210 451 4263 notitiam
472 4211 858 4273 Marklooduserridvemriis
871 4205 1079 4274 Burthiipetiit!
1098 4206 1179 4259 um.
1230 4222 1233 4229 ·
