2992 4900
495 397 544 446 nn
567 397 721 447 narrum
745 398 892 449 enarro.
1198 387 1243 453 89

279 539 464 605 Famianus
480 538 613 619 Strada,
626 542 665 650 in
676 541 939 623 Pnolasionibus,
948 563 1025 630 pag.
1037 545 1113 612 859.

189 664 357 732 Invitatus
371 687 393 732 a
407 666 564 734 Sadoleto
577 669 761 748 Fontanus,
787 668 896 736 doluit
917 673 1047 738 mortali
1062 693 1148 739 voca
1162 674 1240 741 Sta·

146 767 227 832 tium
243 787 319 833 esse
333 769 549 849 referendum,
562 771 621 854 qui
635 777 693 837 aut
705 791 769 836 suo
783 779 840 838 aut
850 773 1022 858 Apollinis
1037 795 1093 841 ore
1108 776 1242 844 deberet

145 869 264 935 audiri.
310 871 406 937 Nihil
421 879 533 938 tamen
557 874 656 940 Statii
679 875 786 958 perire
809 875 909 955 dixit,
934 877 1013 942 dum
1032 880 1242 944 reverebatur

144 975 260 1056 potius
276 995 378 1058 quam
392 976 607 1056 audiebatur;
630 995 707 1040 cum
721 977 884 1044 Statianee
897 979 1149 1062 magnificentia
1163 1002 1240 1066 pro·

145 1075 253 1158 prium
265 1077 322 1156 sit,
336 1083 374 1144 ut
386 1089 529 1162 nequeat
542 1078 739 1163 cujusquam
752 1079 787 1143 in
802 1099 859 1145 ore
873 1080 1046 1147 vilescere.

389 1247 424 1312 J.
440 1246 608 1330 Rylkius,
625 1247 666 1310 de
681 1245 853 1330 Capitolio
869 1266 946 1332 oap.
960 1248 1014 1314 28.

191 1359 320 1430 Statius
333 1364 370 1428 in
383 1366 482 1431 tertio
497 1366 735 1432 amoenissimae
749 1365 954 1434 Thebaidos.

545 1513 639 1578 Idem
660 1533 736 1596 cap.
754 1529 861 1578 xuvr.

190 1627 453 1696 Probatissimus
468 1632 617 1714 Scriptor
632 1638 666 1695 et
680 1631 897 1714 gravissimus
914 1632 1021 1700 Poeta
1035 1636 1172 1702 Statius

301 1782 408 1847 Math.
424 1783 580 1848 Raderus
596 1783 638 1848 ad
656 1783 804 1848 Martial.
817 1784 876 1850 lib.
893 1801 933 1850 x.
949 1787 1046 1872 Epig.
1060 1789 1093 1854 4.

192 1898 432 1966 Nobilissimus
447 1902 623 1986 Pupiniae,
637 1903 733 1988 cnjus
749 1921 850 1968 aurea
861 1904 1022 1985 Thebais,
1036 1923 1106 1973 xn.
1123 1908 1235 1994 Libris

147 2003 396 2086 comprehensa,
410 2004 511 2069 hodie
525 2005 658 2088 legitur.

420 2155 472 2220 St.
488 2156 662 2221 Cluverius
677 2157 720 2223 ad
737 2156 965 2224 Claudianum.

190 2268 327 2351 Statius,
338 2293 529 2357 generosus,
545 2282 579 2342 et
595 2277 705 2341 subito
721 2276 834 2341 calore
848 2277 1065 2344 admirabilis.

244 2440 319 2508 Jos.
336 2441 520 2511 Gonsalius
534 2443 688 2524 Salaeius
703 2445 746 2511 ad
762 2444 956 2511 Petronium
969 2463 1047 2529 pag.
1061 2443 1137 2511 107.

188 2562 292 2649 Apud
307 2565 449 2630 Statium
463 2564 597 2648 elegans
607 2564 818 2650 perlectoque
834 2565 987 2631 omnibus
1006 2565 1078 2629 suis
1090 2565 1236 2630 numeris

147 2665 182 2730 id
197 2684 301 2749 genus
315 2666 507 2751 descriptio.

201 2882 206 2889 ,
295 2802 371 2868 Car.
386 2801 589 2866 Paschalias
600 2802 643 2865 de
658 2800 800 2867 Coronis
814 2802 872 2865 lib.
887 2817 928 2866 rr.
944 2820 1018 2884 oap.
1034 2801 1087 2866 17.

191 2921 419 2987 Doctissimus
430 2919 552 2999 Poeta,
567 2919 742 3005 Papinius.

503 3072 612 3150 Idem,
628 3072 685 3136 lib.
703 3088 753 3136 vr.
767 3091 843 3157 cap·
857 3074 889 3138 3.

191 3192 333 3272 Statius,
347 3193 457 3258 omnis
471 3191 695 3277 Antiquitatis
710 3192 944 3276 peritissimus.

489 3343 595 3420 Idem,
610 3343 671 3409 lib.
687 3358 738 3406 vt.
754 3361 831 3426 cap.
847 3341 900 3406 14.

191 3463 418 3529 Doctissimus
432 3461 554 3542 Poeta,
570 3461 711 3528 Statius.

196 3613 314 3679 Julius
329 3582 502 3697 Nigronus
519 3613 561 3678 de
576 3611 726 3678 Vitanda
741 3610 914 3677 Obsooena
928 3610 1102 3688 Ieotione,
1117 3628 1148 3676 o.
1161 3611 1194 3676 6.

190 3732 301 3799 Multa
314 3752 447 3817 qnoque
461 3732 497 3795 in
511 3731 635 3797 Ovidio
650 3738 739 3808 sunt,
754 3730 873 3814 quibus
895 3748 961 3793 non
974 3726 1164 3806 offendaris,
1181 3728 1238 3793 Li-

144 3834 194 3899 bri
208 3835 381 3912 Tristium,
391 3835 433 3898 da
445 3834 566 3911 Ponto,
582 3841 615 3899 et
630 3832 816 3897 Fastorum.
859 3828 901 3893 ln
915 3826 1086 3913 Virgilio,⁷
1099 3829 1238 3896 latino·

147 3956 220 4002 rum
234 3937 398 4017 Homero,
411 3938 448 4001 in
462 3934 582 4014 Statio,
597 3936 627 4000 si
648 3934 796 4020 paucula
808 3932 906 4008 vites,
918 3936 1108 3995 ueteranon
1120 3937 1238 3996 vetan-

148 4048 208 4105 tur.

147 4225 250 4276 tBeue
260 4222 371 4289 Virgilio
383 4222 520 4289 Papiniurn
529 4220 625 4289 jungit.
658 4222 732 4307 liene
743 4220 823 4273 etiam
839 4215 1091 4284 unumunurm
1107 4219 1238 4271 amolitur.
