2992 4900
466 407 497 454 n.
521 403 665 455 sarran
689 405 816 454 aranu
842 406 945 456 vrrs.
1208 394 1252 462 27

153 565 255 644 idem,
271 564 332 648 qni
353 561 557 648 Argumenta
577 565 709 649 reliquit
731 565 910 632 Ouidianae
933 564 1255 650 Metamorphoseos.

145 669 229 736 'Etsi
243 687 310 733 nou
325 667 510 750 ignorema
531 667 731 752 quibusdam
752 669 924 734 Lutatium
948 667 1026 733 dici.
1070 668 1170 734 Prius
1191 689 1253 737 no·

155 791 231 838 men
256 770 414 854 agnoscit
436 775 469 834 et
486 770 678 836 Boooacins
692 771 734 835 de
749 769 955 854 Genealogia
980 770 1138 852 Deorum,
1152 772 1210 836 lib.
1226 789 1253 838 1.

155 893 232 961 pag.
253 873 287 938 8.
310 870 542 950 ‘Lactantins‚
556 871 695 954 insignis
709 872 822 952 homo,
836 871 1034 956 doctusque,
1052 892 1156 958 snper
1177 874 1255 940 Sta·

156 977 238 1042 tium
267 971 441 1040 scribens!
482 972 560 1039 Nec
584 973 743 1058 displioet
763 973 855 1058 qnod
876 972 1092 1063 snspioautu'r
1115 975 1254 1042 easdem

156 1075 262 1142 videri
277 1076 418 1160 glossas,
434 1095 512 1161 qnae
528 1076 660 1142 Placidi
675 1077 840 1143 dicuntur.
884 1077 1012 1142 Mirum
1019 1096 1100 1141 vero
1114 1077 1253 1143 Martia·

155 1181 234 1260 lem,
261 1198 337 1245 oum
363 1177 448 1244 adeo
469 1179 616 1246 celebret
638 1179 778 1245 Stellam
801 1179 954 1257 Poiitam,
976 1179 1018 1243 (le
1032 1197 1100 1266 qno
1114 1179 1254 1246 inferius

157 1282 281 1359 umam,
294 1299 364 1346 non
373 1279 566 1346 meminisse
578 1281 690 1360 Statii,
705 1282 790 1347 tanti
804 1282 905 1346 amici
918 1281 1048 1361 Stellae,
1058 1287 1096 1346 nt
1107 1282 1140 1346 ei
1152 1283 1254 1348 mise·

156 1385 201 1448 rit
228 1384 374 1467 primum
402 1383 590 1468 Sylvarum.
635 1383 768 1468 Nempe
790 1383 835 1449 ab
855 1383 984 1448 invidia
1001 1371 1040 1448 ‘id
1066 1384 1254 1467 profectum

157 1486 303 1552 videtur.
347 1479 429 1550 Non'
455 1485 583 1552 larebat
612 1483 780 1550 Martialis
810 1484 990 1569 Papininm
1016 1491 1191 1572 tantopere
1217 1490 1254 1554 in

157 1589 264 1670 gratia
278 1607 359 1654 esse
373 1587 467 1672 apnd
490 1587 733 1665 Domitianum,
755 1588 855 1673 idque
877 1589 921 1653 ob
934 1589 1198 1673 extemporalem
1219 1591 1256 1654 iu

158 1692 306 1756 camnine
315 1690 518 1768 felicitatem,
532 1706 602 1782 qna
612 1687 783 1754 Martialis
795 1689 892 1772 longe
902 1689 1106 1755 vinoebatnr.
1128 1689 1254 1756 Parnm

159 1793 304 1858 amicum
332 1791 476 1875 Papinio
501 1789 607 1855 luisse
631 1789 822 1854 Martialem
843 1809 888 1854 ex
906 1809 948 1855 eo
963 1790 1140 1873 colligitur,
1161 1791 1253 1876 qnod

158 1913 328 1977 nunquam
343 1892 487 1977 aequalis
501 1893 555 1958 ani
566 1890 770 1958 meminerit:
784 1897 853 1959 tum
866 1892 955 1972 aliia,
970 1911 1046 1976 quoa
1058 1892 1150 1976 legas
1163 1891 1255 1978 apud

159 1994 355 2062 Gerartium
370 1993 414 2060 ad
430 1991 614 2078 Sylrarnm,
630 1993 687 2058 lib.
704 2011 729 2057 ι.
