2992 4900
248 391 293 458 88
564 405 772 458 lucrosum
795 404 1028 458 ussuruonrs

637 549 732 614 Idam
748 549 791 614 ad
806 549 955 617 AEtnam.

254 769 278 835 S
296 669 350 734 Dc
365 667 539 753 Amphirai
553 672 658 733 morto
679 672 795 732 extant
806 665 975 751 magnifici
990 685 1107 734 vorsus
1120 667 1156 731 in
1168 667 1343 734 Thebaide

281 771 365 838 tatii.

390 903 473 970 Adr.
484 904 657 970 Turnebus
670 902 850 970 Adversas.
864 905 922 970 lib.
939 921 1049 970 xxvi.
1061 923 1137 990 cup.
1151 905 1203 971 18.

298 1023 455 1109 Optimus
470 1021 591 1101 Potito,
606 1023 785 1108 Papinius.

415 1172 464 1238 Is.
480 1172 702 1240 casaubonus
716 1174 760 1241 ad
776 1176 927 1241 Suetonii
943 1177 1182 1242 Domitianum.

301 1290 441 1369 Statius,
457 1291 602 1356 eximius
616 1291 736 1358 Pob'ta.

534 1441 631 1507 ldsm
646 1442 689 1508 all
706 1443 855 1528 ejusdem
870 1444 1067 1528 Caligulam.

302 1560 461 1646 Optimus
475 1559 597 1639 Poita,
610 1560 752 1626 Statius,

509 1710 542 1774 J.
559 1711 709 1795 Lipsius,
725 1711 861 1778 Cantor.
877 1728 902 1776 1.
917 1711 1025 1794 Epist
1040 1711 1093 1776 la.

304 1829 471 1913 Papinius
486 1827 640 1892 sublimis
655 1835 691 1892 et
705 1829 818 1892 celsus
832 1826 949 1905 Po'cta,
964 1848 1029 1894 non
1042 1828 1153 1895 hercle
1170 1830 1330 1896 tumidus.

484 1996 578 2060 Idem
593 1995 841 2079 Epigrammata
854 1996 898 2061 ad
913 1997 1131 2062 Bernartinm.

574 2115 578 2128 ’
605 2113 771 2197 Papinius
786 2112 896 2178 Po'cta
910 2133 1060 2195 magnus,

475 2213 541 2279 Vel
556 2214 664 2279 dicam
680 2215 807 2298 potius,
822 2213 931 2279 Poiita
946 2236 1105 2282 summus.

480 2316 575 2381 Carta
589 2318 765 2401 proximus
780 2323 832 2382 est
848 2317 957 2381 Poiita
971 2337 1113 2397 summo,

479 2420 580 2501 Quod
595 2440 725 2487 mecum
739 2421 883 2486 fateatur
898 2421 973 2506 ipss
987 2421 1099 2492 livor.

436 2587 541 2665 Idem,
556 2586 751 2671 Pbysiolog.
768 2586 892 2652 Stoica
907 2586 964 2653 lib.
983 2605 1037 2652 ιιι.
1052 2609 1129 2673 cap.
1141 2592 1193 2654 17.

313 2708 436 2786 Docte,
452 2712 488 2771 ut
502 2706 618 2784 multa,
634 2703 777 2770 Statius.

568 2874 676 2952 Idem,
690 2874 733 2938 ad
748 2874 862 2939 Taciti
877 2873 998 2940 Annal.
1014 2889 1069 2937 ιιι.

313 2994 354 3059 Ιιι
369 2994 478 3060 Statio
492 2993 640 3059 Luxuria
654 2995 777 3077 ingenii
790 3014 856 3059 uon
870 2993 1037 3059 indecora.

441 3160 546 3225 Dion.
558 3159 721 3225 Patavius
737 3160 778 3225 ad
790 3160 963 3225 Themistii
979 3158 1129 3225 Oration.
1140 3176 1189 3225 ιιι.

315 3277 482 3345 Praeclare
496 3279 587 3342 istud
601 3287 637 3344 at
652 3280 812 3363 graphica
824 3279 981 3345 describit
994 3279 1134 3357 Statius,
1144 3280 1205 3345 lib.
1221 3296 1271 3343 vr.

379 3441 472 3508 Gilb.
488 3444 699 3521 Guulminns,
714 3445 758 3509 ad
773 3445 877 3530 Cypri
891 3446 1057 3511 Theodori
1070 3446 1246 3513 Prodromi

648 3544 850 3612 Amnnthum
867 3568 943 3633 cap.
956 3550 991 3613 4.

317 3664 452 3730 Sciebat
465 3663 532 3728 boc
548 3664 722 3747 Papinius,
737 3664 916 3730 Poiitarnm
929 3664 1160 3730 doctissimus.

300 3887 305 3897 ,
318 3816 342 3882 J
345 3836 417 3881 oan.
434 3816 617 3895 Meurslus,
631 3815 674 3880 ad
690 3814 824 3880 Librum
839 3814 880 3879 dc
896 3815 1024 3892 Gloria,
1036 3812 1209 3893 Auctario,
1223 3833 1254 3878 c.
1268 3814 1324 3879 29.

319 3936 450 4002 Statius
465 3933 644 4018 Papinius,
657 3932 767 3998 Poeta
779 3933 931 3999 eximius.
1060 3991 1064 4000 .

299 4084 387 4150 Lud-
401 4050 596 4162 Crcsollius,
619 4082 823 4149 Praefatione
837 4083 1068 4149 Vacationnm
1081 4079 1348 4148 Autumnalium.

325 4202 499 4287 Papinius,
514 4200 635 4281 Pota,
649 4222 723 4268 meo
732 4202 876 4288 judicio,
887 4201 1066 4269 maximus.
