2992 4900
491 417 702 478 sunueuuu
728 415 803 465 nun,
818 415 843 464 1.
864 401 897 466 4.
1180 396 1245 465 158
1357 479 1362 487 ,

149 563 184 628 H
187 583 249 630 unc
266 582 400 648 quoque
415 579 541 646 perque
554 579 675 625 novom
690 559 804 625 timuit
818 559 1022 644 Pamphylio
1033 577 1176 636 messee,
1234 559 1239 572 '

148 667 411 748 Pannoniusque
426 665 533 741 ferox,
547 681 693 747 arcuque
706 661 869 726 horrende
881 662 996 744 fugaci

146 765 316 845 Armenia,
332 773 367 831 et
381 766 512 850 patiens
525 765 613 830 Latii
623 763 697 847 jum
710 764 826 848 pontis
841 763 986 829 Araxos.

147 941 206 990 lello
216 957 352 1006 prmernre.
377 941 519 1006 Purepipie'u
528 956 616 1006 quoque
629 941 754 1004 pertimuit
763 941 830 991 illem
838 956 881 1004 per
890 955 972 990 eonem
981 954 1063 1001 meur,
1072 953 1169 1002 acerque
1181 938 1245 987 Pue-

146 1007 239 1067 eoeiue,
250 1013 274 1058 rt
285 1007 401 1058 Armenio
412 1006 576 1070 formidabilie
587 1005 701 1068 fugiente
718 1021 786 1068 erce,
807 1011 830 1055 et
847 1006 942 1055 Arcus
953 1005 1008 1066 jure
1023 1007 1126 1055 tolerem
1143 1003 1246 1052 [ιοιιιιιιιί

607 1149 651 1171 000
654 1149 789 1171 nunno

148 1231 243 1282 Veuct.
258 1237 281 1284 1.
291 1235 368 1294 ieeur,
384 1232 400 1281 l.
411 1234 534 1296 θάψω,
549 1238 579 1282 ιιι
589 1231 686 1283 hebent
697 1233 785 1284 Purur.
796 1237 825 1283 et
835 1231 909 1281 lium.
924 1231 1007 1293 ιιὸμιι
1023 1229 1139 1280 correxit
1157 1226 1244 1278 Areu·

146 1296 195 1344 tine
208 1297 234 1344 in
247 1295 307 1346 eut.
321 1303 344 1348 1.
356 1296 424 1362 quod
434 1298 503 1347 bene
512 1296 630 1346 defendit
641 1298 731 1348 Barth.
741 1305 833 1347 contre
843 1297 936 1345 Morel.
948 1297 1078 1356 legentem
1089 1291 1246 1355 rigere-ri

146 1360 240 1410 Venet.
253 1365 277 1410 l.
288 1361 377 1411 Perm.
388 1369 416 1412 et
427 1363 500 1410 llum.
512 1363 590 1410 tenuit
599 1362 754 1426 Pamphilio,-
770 1361 849 1411 Aldu.
866 1361 948 1410 colln.
965 1359 1066 1423 Gryph.
1076 1357 1156 1406 Bueil.
1167 1358 1245 1407 Beru.

147 1424 322 1490 Lindeubrog.
343 1426 421 1477 Cruc.
439 1427 529 1476 Bertlr.
546 1427 661 1477 Gronov.
678 1427 762 1476 veen.
782 1434 810 1476 et
821 1427 918 1490 Delplu
935 1425 1014 1475 ιίιηιιίι
1033 1422 1245 1485 Permitte-ee

642 1551 748 1608 Nom

148 1649 198 1710 cin,
208 1649 281 1713 regio
294 1649 399 1701 minurie
411 1651 491 1714 Ariae,
501 1652 537 1703 ric
549 1653 678 1716 cognomi·
718 1654 853 1719 Illyricum
865 1659 980 1702 extenee.
1003 1647 1176 1700 Diridebetnr
1184 1647 1249 1698 olinr

147 1735 208 1776 nete
219 1741 235 1776 e
246 1725 337 1788 Gellii,
349 1729 393 1793 qui
405 1728 442 1778 ibi
454 1728 529 1779 eedee
547 1729 676 1780 fixerunt:
718 1732 744 1782 iu
756 1731 924 1796 ruperiorenu,
934 1742 991 1793 qne
1003 1741 1063 1790 pere
1074 1724 1151 1775 hodie
1161 1723 1246 1788 Styri·

146 1801 219 1864 hujue
247 1801 342 1851 incole
365 1811 489 1854 vocentur
510 1805 624 1866 Geletre,
648 1819 679 1854 ec
718 1813 742 1857 ct
752 1807 854 1857 Aeetrlc
864 1811 984 1866 vocetur,
995 1810 1076 1866 ceput
1089 1800 1188 1850 hebeno
1200 1800 1246 1848 vt-

147 1875 316 1940 Gallogrreci,
326 1880 396 1944 quod
411 1895 444 1930 ex
460 1880 543 1930 Gellio
562 1881 679 1931 elmuino
718 1897 811 1933 cunum
832 1882 1004 1932 tirmleeimum
1021 1875 1091 1926 orbie
1106 1873 1246 1925 Cirrietieni

147 1951 251 2002 Grrccie
270 1967 320 2004 unu
339 1969 403 2018 geue
420 1955 555 2018 coaluerit,
570 1957 679 2008 Guliiee
719 1957 956 2023 propugnaculum:
973 1960 1001 2004 et
1017 1950 1175 2012 inferiorern,
1186 1963 1245 2014 quie

147 2028 254 2090 regibus
261 2029 393 2094 Bithynia
403 2030 428 2080 lu
439 2032 590 2083 rocietetem
604 2047 677 2097 egro-
718 2049 779 2099 peru
790 2033 867 2085 lindie
878 2033 933 2083 iere
944 2045 995 2081 nno
1005 2028 1108 2080 nomine
1119 2025 1248 2089 rimata

147 2118 203 2152 rum
214 2105 242 2154 in
255 2105 346 2156 Auium
358 2105 494 2159 traductie.
517 2108 622 2159 Geietie
632 2111 677 2159 ire·
718 2110 821 2161 dicitur.

147 2179 193 2230 bet
201 2180 236 2230 eb
244 2181 357 2232 Oriente
366 2183 562 2247 Cappadociam
569 2185 677 2251 Helym·
748 2191 783 2237 79
797 2185 925 2248 Amein]
947 2182 1070 2234 Armcnle
1085 2177 1157 2242 regio
1174 2177 1245 2228 Aeiee

147 2271 198 2321 que
210 2257 325 2320 lineium,
346 2259 378 2310 eb
391 2259 537 2312 Occidente
554 2262 677 2326 Bithynii
716 2262 787 2312 inter
798 2263 912 2311 Taurum
927 2267 957 2308 et
973 2261 1119 2310 cunceenm
1129 2259 1247 2317 mentm

147 2341 175 2382 et
187 2334 254 2384 Aeie
271 2335 433 2396 terminetur,
450 2350 466 2384 e
484 2337 598 2387 Meridie
617 2350 677 2388 vero
718 2337 911 2402 eceppedocie
924 2349 1007 2402 neque
1025 2333 1058 2384 ed
1069 2346 1143 2383 mere
1156 2331 1248 2395 Cupi·

147 2409 312 2475 Pemplryiie,
340 2413 569 2476 eseptenrtriune
592 2413 678 2465 Ponte
718 2427 923 2471 nmeucnrreue,
943 2412 975 2462 nb
993 2410 1113 2462 Armeno
1126 2407 1248 2459 ilreeuie

148 2486 250 2536 Euxino
268 2487 365 2539 finitur.
403 2487 503 2552 Viguit]
520 2488 610 2540 Editio
627 2490 677 2539 Pe-
717 2490 822 2542 Jeeoule
840 2489 936 2539 comite
950 2488 989 2538 eic
1003 2486 1145 2550 eppellete,
1162 2490 1193 2533 nt
1209 2486 1247 2533 eit

147 2562 263 2612 rieieueie
291 2564 383 2625 iugem.
422 2563 510 2630 Aliqui
532 2566 615 2627 rigetur
641 2566 677 2617 ie·
718 2566 821 2617 Strebo.
860 2566 893 2615 ln
913 2564 1038 2629 majorem
1059 2552 1090 2613 et
1120 2561 1247 2611 minorem

147 2646 222 2703 gunt,
234 2640 295 2705 quie
307 2640 392 2691 Ponto
409 2640 503 2704 vicine,
523 2642 678 2706 ‘Scythide-
719 2642 857 2703 dividitur,
872 2654 981 2705 querum
1001 2644 1089 2703 pettee
1100 2636 1133 2687 eb
1143 2636 1247 2687 ortelle

148 2730 201 2779 que
213 2716 340 2767 trionibue
352 2716 442 2779 uiget!
718 2718 860 2782 diligenter
870 2731 904 2766 err
916 2713 1053 2765 Enetetlrio
1070 2711 1189 2762 collecte
1207 2725 1248 2761 re·

179 2792 679 2860 ltPuplylicJPemplrylierepioml·
720 2800 868 2844 ceneentor.
901 2793 986 2842 Porro
1004 2798 1122 2852 ternpore
1133 2787 1247 2837 Neronie

147 2868 217 2917 Μή·
229 2866 309 2925 Mt.
320 2870 390 2919 inter
400 2870 526 2935 Cilicium,
537 2887 588 2938 qun
598 2874 630 2923 eb
641 2872 679 2923 0·
720 2884 763 2919 ree
781 2870 808 2918 iu
824 2868 948 2919 Armenle
966 2865 1081 2917 tnrbetre
1099 2868 1170 2926 eunt,
1186 2863 1247 2916 line

146 2942 341 3007 rientetiuitur,
352 2946 512 3010 etlaycieru:
531 2948 680 3000 eboreum
721 2944 851 3007 Romenle,
860 2943 920 2992 lriuc
930 2940 1038 2992 Pertlrie
1053 2952 1110 2989 eene
1128 2937 1178 2989 eibi
1194 2938 1247 2989 riu·

147 3017 228 3068 hebet
234 3019 350 3082 Lycium,
359 3026 387 3069 et
394 3020 464 3071 Aelre
472 3024 611 3087 provincie
622 3038 681 3089 per·
720 3020 877 3082 dimetibor,
888 3034 920 3070 uc
929 3018 968 3069 iili
978 3017 1043 3067 dere
1059 3028 1148 3080 regem
1159 3015 1247 3065 roien·

147 3100 218 3143 ιειιιι
244 3094 473 3158 efleptemtrionc
492 3098 624 3149 Geletiem
652 3106 681 3151 et
720 3096 798 3147 tibur.
830 3095 884 3147 Sed
902 3096 999 3145 rlrtnte
1012 3091 1247 3143 Ourbnlonlecone·

148 3168 359 3234 Oeppedociem:
386 3172 533 3223 nllleridie
552 3174 679 3224 Mediter-
718 3172 803 3237 preeei
823 3171 926 3233 Parui,
953 3170 1089 3233 rictneque
1108 3166 1249 3228 truderet,

149 3260 255 3295 renenrn
264 3260 345 3310 mere,
353 3247 422 3312 quod
433 3249 492 3299 nine
510 3250 518 3278 ‘
529 3250 679 3314 Pemplryil·
718 3263 796 3313 quem
807 3248 898 3299 Pertlri
909 3259 996 3311 regem
1004 3243 1136 3294 Armenlre
1143 3256 1248 3294 creere·

148 3320 208 3371 nur'
227 3322 332 3373 dicitur.
371 3323 468 3373 Verum
481 3330 542 3374 tunc
553 3326 677 3390 temporie
719 3333 797 3387 rent,
820 3325 927 3391 quique,
945 3320 1118 3387 deporitoed
1135 3318 1248 3385 effigiem

148 3399 256 3449 Geletee
267 3408 295 3449 et
308 3400 477 3464 Pamphylioe
488 3401 627 3452 rebellante
644 3402 678 3453 el·
719 3400 832 3451 Neronle
842 3401 999 3461 diedemete,
1017 3396 1081 3448 iilud
1101 3397 1190 3446 Rome
1207 3408 1248 3445 re·

147 3475 204 3525 lent
226 3476 354 3527 llieturici
367 3478 582 3543 interpreteeque,
602 3485 632 3528 ut
650 3486 678 3529 et
718 3478 832 3527 enmeite
843 3478 949 3527 Nerone
957 3474 1006 3525 eibi
1016 3472 1173 3537 impoeitnm.
1190 3471 1248 3521 Bn-

148 3553 306 3603 Pennonioe.
341 3554 463 3603 Furteeee
482 3555 554 3603 leree
574 3554 678 3619 quidem
714 3554 975 3617 jueeebellipnrtem
995 3549 1125 3617 quendem
1142 3546 1250 3611 gerelm

146 3628 275 3678 tumultun
286 3627 395 3678 excitati
413 3633 473 3678 eunt
484 3629 508 3677 in
519 3629 558 3679 hie
569 3630 678 3693 regioni·
720 3629 843 3679 Rutilium
869 3629 998 3679 Gellicnm
1024 3626 1073 3677 enh
1100 3622 1248 3674 Oorbuimte

146 3705 206 3764 bne,
218 3718 283 3767 quoe
296 3703 408 3753 Rutilius
419 3706 588 3766 compescuit.
720 3705 854 3769 probabile
872 3710 923 3755 eet.
953 3703 1023 3753 Vide
1041 3700 1160 3751 'l'ecitnnr
1179 3696 1249 3751 Aun-

177 3785 212 3834 18
228 3780 415 3843 Pannoniusque
429 3780 515 3843 feroc]
541 3780 680 3833 Pennonee
721 3792 772 3830 xv.
804 3780 911 3830 Dicitur
927 3778 1042 3827 Ameria
1059 3775 1175 3825 mercede
1191 3788 1250 3826 erre

145 3860 240 3910 incole
252 3856 405 3917 Pennoulee,
415 3870 472 3920 quer
485 3858 629 3907 ptolemeo
640 3872 680 3909 re·
714 3854 812 3917 fugaci,
821 3853 883 3919 quie
892 3853 1008 3902 Armenii
1019 3848 1161 3913 engitteedi
1179 3848 1249 3913 prri-

145 3937 190 4001 gio
200 3936 312 3997 Europre
320 3930 607 3993 letieeinru,Dennl›ioe
615 3932 680 3983 Ger·
721 3932 824 3982 tieeinri.
856 3929 934 3979 More
945 3927 1100 3978 Perthornm
1111 3939 1144 3975 ee
1153 3924 1248 3976 Orien·

145 4014 235 4063 menie
244 4009 278 4061 ed
289 4008 507 4071 septemtrionem
519 4008 618 4057 dlriee:
629 4016 681 4058 rer-
721 4007 812 4057 teliu·
818 4006 972 4070 populorum
982 4002 1074 4066 ingere
1082 3999 1249 4059 eirenlebent,

145 4090 261 4139 minetur
282 4084 315 4135 eb
334 4082 445 4134 Oriente
462 4082 634 4147 limumque
653 4090 682 4134 et
720 4083 796 4134 uteie
804 4081 979 4132 dletrelrerent
987 4078 1086 4143 mter,
1096 4075 1250 4141 revertique

145 4163 240 4215 secute
262 4168 292 4211 et
313 4158 454 4223 Bnlgeriu:
480 4156 515 4209 eb
534 4158 680 4210 Occidente
721 4154 989 4222 edpngnenieclllne
1003 4166 1048 4204 eoe
1065 4149 1249 4217 proiiieebeur.

146 4239 262 4291 Norico:
281 4231 539 4297 elieridie,1etrnm
554 4238 642 4299 eeqne'
653 4242 681 4287 et
720 4236 799 4287 Unde
818 4233 915 4285 dicitnr
942 4232 1047 4296 ‘pugne
1065 4227 1159 4295 fugu’
1181 4227 1250 4280 noe-
