2992 4900
586 350 795 404 usurario.
1194 335 1238 406 17

178 494 338 562 'faudem
353 494 503 562 maximo
517 494 691 572 beneficio,
713 503 748 559 et
772 494 863 579 quod
882 494 1063 562 multorum
1084 495 1172 562 Mss.
1185 497 1239 562 in·

139 602 206 664 star
218 599 351 674 habuit,
371 617 425 666 me
447 598 607 662 mactavit
626 596 908 680 praeclarissimus
928 598 1022 662 etin
1042 598 1096 663 his
1116 598 1238 663 studiis

140 719 292 767 summus
306 698 372 764 Vir
386 697 584 764 Franciscus
599 696 707 773 Hare,
724 697 917 782 Episcopus
932 697 1157 784 Asaphcnsiss
1179 702 1239 784 qui

137 820 183 866 ex
204 801 422 868 Bibliotheca
444 798 666 864 Illustrissimi
689 798 832 864 Comitis
853 800 1106 868 Sunderlandim
1128 801 1239 867 Editi·

138 921 224 967 ones
254 903 471 968 Parmensem
499 907 532 966 et
561 900 753 966 Romanam
781 901 863 968 mihi
890 903 1106 987 impetravit:
1135 903 1238 982 hanc,

135 1001 229 1070 Anni
244 1017 509 1082 mccccnxxv.;
523 1001 626 1080 illam,
642 1018 930 1070 ucccocxxnn:
945 1010 1122 1089 utramque
1133 1025 1177 1072 ex
1186 1005 1240 1070 di·

137 1103 742 1182 vomiscodicious,1³armenssmex
760 1106 901 1190 optimis
912 1124 1123 1191 expressam,
1131 1113 1240 1190 vprout

136 1210 281 1277 testatur
295 1203 342 1272 Ν.
357 1203 520 1270 Heinsius
540 1205 665 1270 alicubi
688 1204 733 1270 ad
756 1205 997 1288 Claudianum:
1029 1212 1063 1272 et
1085 1227 1138 1272 res
1162 1207 1240 1292 ipsa

137 1306 240 1372 tidem
263 1307 355 1372 fecit
400 1305 537 1390 Quippe
559 1306 656 1391 hujus
682 1306 792 1373 solius
814 1327 880 1391 ope
903 1309 1063 1374 nonnulla
1084 1308 1163 1374 loca
1185 1327 1239 1372 re-

142 1409 252 1486 stitui,
288 1428 380 1494 qum,
418 1408 545 1492 absque
575 1408 639 1475 hac
665 1409 764 1488 foret,
797 1409 892 1476 nulla
913 1409 1116 1495 Conjecturs
1145 1429 1239 1476 asse·

142 1509 202 1592 qui
227 1517 356 1592 posset.
400 1510 458 1576 Sic
483 1510 606 1576 Glauc.
620 1510 723 1582 Ated.
750 1511 827 1576 193.
853 1510 1106 1594 provolventem
1127 1510 1240 1576 Parm.

141 1620 335 1697 tergentem:
356 1612 447 1696 quod
460 1631 573 1678 verum
588 1617 649 1679 est.
692 1611 798 1678 Herc.
812 1612 956 1678 Surrent
970 1613 1023 1677 16.
1038 1632 1100 1696 pro
1116 1609 1240 1676 Ducta-

139 1711 187 1775 vit
200 1709 337 1796 scopulos
351 1712 461 1778 Parm.
478 1711 617 1778 Divisit.-
638 1719 673 1780 et
685 1712 769 1780 ibid.
785 1715 860 1780 152.
883 1733 946 1797 pro
967 1711 1112 1780 Addici:
1125 1714 1238 1780 Parm.

141 1812 307 1885 Adscises:
328 1815 417 1880 unde
440 1815 506 1881 scci
522 1813 685 1882 Adsciscis.
731 1815 786 1882 Ita
801 1835 863 1900 pro
875 1837 962 1902 geres
980 1815 1113 1880 restitui
1133 1823 1239 1898 pater,

141 1936 187 1984 ex
201 1917 392 1994 Parmensi,
406 1937 483 2001 quse
497 1917 597 1982 habet
607 1925 705 2003 gctc:
742 1936 807 2000 pro
821 1936 928 1981 raram
942 1916 1084 2002 quietem,
1099 1935 1214 1982 navam
1228 1939 1239 1980 :

141 2039 202 2104 pro
214 2015 333 2082 nitidus
346 2015 483 2103 messim
504 2018 617 2086 Parm.
635 2018 743 2089 uides:
772 2019 861 2084 uude
879 2019 945 2084 feci
956 2015 1087 2106 uigiles.-
1119 2038 1182 2103 pro
1191 2017 1242 2082 ia·

142 2121 228 2186 dente
242 2141 339 2184 munt:
352 2120 481 2191 restitui
496 2119 693 2206 trepidante:
728 2131 792 2204 pro
804 2118 887 2205 fissa
914 2119 1008 2200 tuso,
1025 2117 1143 2206 foedo:
1176 2140 1240 2206 pro

145 2221 234 2308 Cyda
251 2221 341 2286 neor
353 2242 520 2309 contraque
531 2220 616 2309 suit,
631 2223 771 2307 Epiced.
786 2221 879 2288 Patr.
894 2221 948 2288 94.
962 2223 1040 2288 loco
1053 2223 1243 2304 notissimo,

142 2324 338 2390 Parmensis
356 2321 521 2390 Cidatiben
533 2345 699 2411 nomenque
709 2322 811 2406 fait.-
842 2325 930 2390 unde
943 2325 1021 2403 feci,
1038 2323 1126 2389 Caro
1143 2323 1240 2413 Lyn,

142 2448 313 2514 sonumque
325 2425 410 2513 fuit.
454 2425 593 2512 Epiced.
614 2427 713 2495 Puer.
732 2427 778 2495 ad
801 2426 858 2494 tin.
873 2446 935 2512 pro
960 2424 1112 2492 Exercm
1132 2445 1240 2513 geum,

143 2527 258 2595 Purm.
286 2525 460 2613 Escepcm
486 2529 577 2594 unde
596 2529 660 2595 feci
684 2526 856 2614 Excepisse.
901 2528 969 2593 11oe
996 2532 1075 2595 suut
1098 2526 1241 2611 egregiae

143 2632 385 2707 restitutiones,
407 2632 486 2697 huic
510 2628 595 2697 libro
614 2632 761 2699 debitae:
795 2633 891 2697 mitto
904 2632 1031 2696 multas
1044 2630 1141 2709 alias,
1155 2648 1242 2713 quas

143 2753 205 2817 per
217 2738 327 2799 toturn
340 2750 429 2816 opus
445 2752 579 2818 sparsas
602 2734 744 2800 videbis.
787 2734 891 2799 liber
909 2735 984 2817 ipse
1004 2737 1058 2797 est
1078 2733 1113 2795 iu
1131 2731 1242 2809 Folio,

142 2832 439 2917 (quemadmodum
447 2834 839 2921 loquuntur)churactere
848 2833 1061 2912 nitidissimo,
1070 2832 1244 2918 mopinot,

145 2936 189 3001 ad
218 2937 415 3021 scripturam
444 2936 608 3003 Codicum
633 2937 722 3003 unde
750 2936 928 3003 desumtus
955 2942 1021 3012 est,
1046 2932 1243 3001 accedente.

146 3038 264 3122 Magni
278 3056 358 3102 eum
372 3038 451 3105 fecit
463 3038 646 3107 Heinsius:
680 3038 807 3123 passim
829 3038 925 3115 citat,
945 3044 979 3102 et
999 3056 1045 3101 ex
1068 3035 1128 3100 illo
1142 3034 1245 3101 Statii

145 3140 225 3207 loca
245 3139 411 3207 emendat.
456 3139 544 3206 Mihi
571 3141 637 3207 hoc
663 3140 834 3223 praecipue
861 3138 996 3204 nomine
1025 3142 1138 3220 gratos
1164 3137 1243 3214 suit,

146 3242 240 3327 quod
259 3241 347 3309 uuili
369 3247 468 3309 autea
489 3242 676 3320 Editorum,
704 3247 865 3329 quantum
888 3240 980 3317 novi,
1002 3241 1089 3304 hunc
1115 3238 1246 3303 vidisse

148 3346 353 3427 contigerat:
385 3352 421 3413 et
435 3345 544 3427 magis
567 3345 739 3427 magisque
758 3350 887 3426 gratus,
907 3347 1088 3425 postquam
1102 3339 1244 3423 conjec-

147 3452 237 3513 turas
250 3466 346 3513 meas
362 3448 406 3513 sb
420 3447 482 3513 iilo
497 3446 711 3512 confirmatas
724 3444 987 3528 comperissem:
1009 3459 1110 3527 quam
1124 3441 1245 3523 volup·

148 3555 252 3615 tatem
266 3549 381 3615 multis
395 3550 428 3613 in
445 3548 532 3617 locis
546 3548 635 3631 cepi.
678 3547 734 3613 Ad
749 3545 850 3611 tinem
862 3545 965 3629 hujus
981 3542 1148 3611 Editionis
1161 3542 1245 3624 logi.

147 3657 199 3719 tor
211 3651 287 3719 haec
301 3649 464 3717 notabilis
479 3648 692 3735 Epigrnphe:
724 3653 735 3687 ‘
751 3648 794 3715 P.
809 3646 948 3731 Papinii
962 3644 1063 3711 Statii
1075 3643 1247 3727 liberque

147 3762 309 3849 explicit:
333 3744 425 3847 quin
438 3780 504 3826 non
518 3760 629 3827 desint
641 3759 701 3847 qui
715 3759 819 3825 velint
838 3757 1016 3841 epistolam
1034 3772 1112 3839 qum
1128 3752 1246 3819 scribi·

147 3868 202 3931 tur
214 3864 426 3931 Abascantio
441 3862 607 3928 Priscillm
624 3862 752 3927 Marito
766 3880 835 3925 nou
848 3878 924 3924 esse
936 3858 1135 3943 principium
1147 3855 1248 3941 quiu-

148 3966 187 4045 ti,
202 3966 264 4031 scd
286 3966 521 4050 interpositam
536 3964 572 4029 in
591 3970 731 4048 quarto:
763 3967 808 4027 et·
820 3960 926 4026 silvas
951 3958 1062 4024 solum
1082 3958 1116 4021 in
1140 3956 1247 4021 libros

150 4075 296 4152 quatuor
307 4087 386 4133 esso
401 4066 547 4131 divisas:
571 4063 662 4149 quod
677 4062 810 4147 quidem
825 4068 977 4127 constare
985 4057 1121 4124 uidetur
1134 4076 1180 4121 cx
1192 4056 1248 4121 his

149 4172 259 4237 verbis
280 4169 412 4256 poiitm:
445 4167 560 4248 Quare
573 4166 670 4253 plura
693 4167 729 4231 in
753 4165 882 4245 Quarto
905 4164 1072 4230 Siluarum
1097 4178 1200 4244 quam
1213 4158 1249 4225 in

210 4270 485 4337 centemnens.
689 4266 755 4323 sa.
981 4335 983 4337 η
1159 4259 1182 4308 n
