2992 4900
507 341 556 394 no
580 345 733 398 eierato
755 346 901 398 suono.
1206 335 1250 402 al

232 485 347 574 wipo,
363 487 569 574 Pmogyrioo
584 489 628 556 sd
645 489 828 557 Henrionrn
843 505 900 556 ιιι.
920 489 1168 576 inperatorem.

284 605 339 672 Ex
353 607 474 672 uostris
488 607 625 672 monitis
635 608 781 674 callebat
794 610 960 677 suerrus
975 619 1094 677 auctor

283 707 464 779 Thebanos
478 708 624 794 juvenes
639 709 748 776 mistio
763 711 951 778 discernere
963 711 1121 780 flammis.

342 858 463 926 Petrus
479 857 659 926 Mauritius
673 859 793 928 Abhas
813 862 1058 931 cluniacensis.

284 976 359 1045 Vos
373 998 394 1043 o
408 979 571 1066 praecipui
586 979 732 1046 cultores
753 980 991 1067 Philosophiae,

329 1079 425 1160 Quos
437 1081 555 1148 eadem
569 1083 714 1168 propriis
727 1084 901 1150 educatio
914 1086 1042 1154 laribus
1055 1108 1067 1170 ;

287 1181 371 1268 Ejus
388 1203 459 1262 vos,
473 1182 621 1268 inquam,
634 1186 705 1270 poti
719 1189 878 1271 pestique
892 1189 1033 1272 papilla,

330 1285 425 1366 Quos
439 1288 573 1374 proprio
589 1283 712 1351 studiis
725 1289 844 1355 imbuit
856 1309 912 1354 ore
925 1290 1044 1355 sacris.

288 1387 398 1467 Naso,
413 1387 551 1468 Flacco,
568 1385 677 1468 Maro,
691 1389 790 1470 Stati,
806 1390 950 1468 Lucane,
966 1389 1100 1470 Boitbi,

327 1491 373 1557 Et
387 1492 590 1576 quicumque
603 1499 700 1557 tuum
714 1493 857 1557 carmine
871 1492 977 1558 connis
993 1512 1101 1577 opus:

288 1593 404 1680 Hujus
419 1595 554 1664 livoris
566 1615 630 1684 vos
644 1601 779 1678 tangere
795 1615 911 1663 mucro
924 1596 1078 1676 minatur,

331 1694 402 1760 Hic
416 1701 451 1761 et
460 1695 502 1760 do
517 1703 629 1762 vestro
642 1696 768 1779 cogitat
781 1698 899 1762 exitio.

285 1789 361 1861 Vos
375 1797 497 1861 etenim
510 1797 624 1876 laedet,
640 1798 699 1882 qui
712 1797 835 1864 iaedere
848 1818 915 1873 non
928 1799 1024 1865 timot
1037 1799 1143 1880 illum,

330 1895 442 1976 Quom
454 1899 583 1964 socium
596 1901 694 1966 robis
710 1897 899 1985 calliopaea
912 1901 1011 1968 dedit.

303 2055 308 2061 ·
432 2033 511 2100 Gul.
526 2033 624 2101 Brito
637 2033 735 2100 initio
750 2027 976 2120 Philippidos.
1125 2065 1142 2126 p

266 2149 337 2217 Ant
351 2150 410 2235 qoi
423 2155 491 2216 tam
504 2151 626 2236 sapido
640 2151 816 2219 Thebaida
830 2153 977 2220 earmina
992 2156 1140 2241 scripsit,

267 2251 315 2318 Ut
329 2258 435 2338 queat
448 2254 494 2319 ad
507 2255 644 2339 plenuro
658 2255 763 2340 digno
775 2275 955 2322 memorare
970 2258 1075 2324 rotatu

265 2355 335 2421 Tot
351 2356 462 2423 victos
474 2355 599 2436 hostes,
613 2363 667 2423 tot
679 2357 778 2436 bella,
792 2364 842 2426 tot
855 2359 1056 2428 obsidiones.

497 2488 602 2569 Idem,
612 2490 671 2556 iib.
687 2506 740 2556 tx.
756 2496 916 2557 extremo.
1049 2518 1055 2537 ,-

332 2617 364 2681 Ο
378 2636 470 2685 none
483 2616 615 2683 Lucani
630 2623 706 2683 ruat
719 2619 758 2683 io
767 2616 1085 2697 me,sivoh1aronis

333 2718 502 2804 Spiritus3
517 2723 575 2783 aut
589 2718 707 2785 saitem
721 2718 875 2788 Thebani
889 2720 980 2785 vatis
993 2721 1117 2801 imago.

331 2854 418 2871 --
432 2828 564 2887 tantum
578 2826 615 2887 ut
628 2841 757 2889 merear
770 2821 917 2903 vestigio
929 2822 1077 2887 lambere
1094 2822 1178 2900 sota,

332 2922 445 2991 Unius
459 2924 577 2989 similis
592 2924 628 2989 in
643 2924 792 2991 carmine
806 2921 918 2989 fectus
932 2941 1056 2989 eorum.

256 3066 299 3130 B.
312 3064 502 3131 Bernartius
516 3065 558 3130 do
572 3028 800 3131 Conuersione
815 3064 860 3129 ad
875 3062 1035 3142 Clericus,
1049 3083 1125 3148 cap.
1139 3063 1171 3129 8.

204 3184 303 3253 tnnc
326 3184 408 3251 mihi
434 3183 468 3249 id
494 3182 663 3251 modicum
684 3182 939 3260 consolationis,
959 3181 1061 3267 qood,
1078 3186 1257 3265 utcumque

161 3285 330 3363 mendico,
352 3293 461 3350 tentas
485 3284 672 3369 surriperet
717 3285 828 3363 Dixit,
839 3290 874 3350 et
888 3304 964 3349 oum
977 3283 1209 3368 indignatione
1223 3290 1258 3346 ot

161 3388 271 3455 furore
285 3386 458 3465 recedens,
472 3390 482 3421 ‘
495 3386 610 3465 teneo,'
625 3385 743 3471 inquit,
762 3386 987 3470 ‘longumque
1002 3383 1148 3452 tenebo!
1190 3385 1258 3449 Pa·
1330 3382 1335 3390 ’

161 3490 234 3575 pin.
248 3489 358 3557 Theb.
373 3505 414 3554 ιι.
428 3488 505 3555 429.

395 3621 538 3688 Cosmus
553 3621 732 3705 Pragensis
745 3620 842 3689 initio
857 3620 1024 3687 chronici.

205 3740 248 3806 Id
264 3740 374 3807 solum
389 3759 501 3825 operte
516 3740 654 3827 pretium
667 3738 751 3804 duxi
766 3740 801 3804 in
815 3758 891 3804 meo
904 3756 1018 3822 opere,
1029 3744 1068 3831 ut
1078 3736 1131 3801 rel
1143 3743 1192 3816 tu,
1204 3738 1259 3803 coi

162 3863 184 3908 a
198 3842 277 3909 Deo
292 3842 415 3906 ooliota
428 3847 481 3906 est
494 3841 678 3927 Sapientia,
702 3840 758 3905 rei
772 3840 832 3905 olii
845 3839 990 3927 potiores
1003 3838 1154 3917 scientie,
1171 3838 1260 3903 siout

161 3945 327 4028 Virgilius
341 3944 458 4011 habuit
467 3944 578 4027 'lhojae
592 3942 726 4009 excidia
741 3949 777 4008 et
790 3942 920 4007 Statius
932 3940 1117 4017 Thebaide,
1130 3941 1179 4003 ita
1193 3939 1261 4023 ipsi

162 4047 227 4139 hoo
243 4066 356 4111 meum
379 4064 466 4129 opus
484 4045 628 4111 habeant
641 4060 703 4128 pro
718 4044 868 4121 materia,
884 4062 951 4128 qno
972 4062 1067 4109 suam
1083 4041 1258 4109 scientiam

163 4146 305 4233 posteris
320 4146 506 4225 notificent,
522 4153 558 4211 et
571 4132 692 4212 nomen
706 4145 773 4213 sibi
787 4145 1008 4229 magnificent.
1096 4207 1105 4225 ,
