2992 4900
288 897 715 993 MARKLANDI
767 904 1140 1000 PRAEFATIO.

580 1191 839 1212 ma·—

512 1407 831 1484 LECTORI
880 1410 926 1485 S.

168 1579 316 1670 Lrnuru
336 1605 480 1689 experiri
492 1606 573 1690 quid
590 1605 718 1672 efficere
729 1627 865 1691 possm
877 1609 915 1671 in
926 1606 1141 1672 restituendis
1157 1606 1260 1672 Statii

167 1705 291 1788 Sylvis.
323 1706 369 1772 Et
382 1707 636 1790 primoquidem
649 1707 896 1791 pedetentimet
912 1708 1027 1774 timide
1037 1716 1071 1773 et
1081 1708 1179 1791 quasi
1190 1726 1261 1772 rem

166 1823 294 1871 sacram
308 1813 460 1873 tacturus
479 1811 629 1889 accessi:
651 1810 778 1875 veritus
791 1828 914 1893 nempe
933 1809 1011 1875 huic
1027 1810 1122 1875 Luco
1138 1809 1262 1873 immit-

166 1913 232 1970 tere
255 1909 398 1973 securim
411 1915 490 1992 post
510 1909 645 1974 labores
659 1908 832 1988 Grunorii,
850 1909 1014 1987 Gerartii,
1028 1908 1171 1986 Barthii,
1187 1907 1263 1972 Do·

166 2009 263 2088 mitii,
278 2007 426 2091 Metelli,
438 2009 571 2089 Crucei,
584 2009 798 2094 Tiliobrogae,
814 2018 848 2076 et
859 2009 1021 2090 aliorum:

677 2134 854 2210 motusque
869 2126 1014 2192 verenda

295 2227 478 2310 Majestate
491 2227 570 2306 loci,
584 2227 613 2292 si
628 2227 752 2294 robora
766 2247 866 2294 sacra
879 2228 1022 2306 serirem,

293 2327 335 2392 In
348 2347 425 2394 mea
439 2327 615 2393 credebam
628 2327 810 2394 redituram
823 2331 971 2394 mambra
985 2327 1140 2402 securim,

891 2428 1051 2495 Lucanus
1065 2442 1124 2493 111.
1140 2426 1216 2493 429.

164 2562 304 2639 Postea,
325 2560 532 2644 deprehenso
553 2578 622 2624 uno
646 2560 699 2625 val
720 2560 826 2625 altero
844 2560 921 2626 loeo
933 2561 967 2626 in
979 2579 1050 2644 quo
1063 2562 1107 2626 iis
1121 2579 1259 2645 quoque

162 2662 357 2727 humanitus
385 2660 514 2745 aliquid
538 2659 718 2738 acciderat,
746 2660 908 2726 audacior
930 2660 1054 2738 sactus,
1077 2659 1121 2724 ad
1147 2667 1260 2727 cetera

163 2781 276 2827 eurum
289 2760 523 2839 examinanda,
545 2765 580 2825 et
594 2760 693 2825 simul
708 2760 897 2842 diligentem
919 2758 1040 2825 Potite:
1060 2760 1170 2844 ipsius
1191 2760 1260 2825 lec·

164 2864 289 2929 donem
302 2882 356 2927 me
369 2863 522 2927 accinxi:
548 2881 593 2926 ex
614 2881 683 2946 qua
702 2861 769 2925 boe
791 2863 906 2926 statim
930 2868 1107 2926 assecutus
1122 2879 1208 2939 sum,
1222 2867 1260 2927 ut

163 2963 223 3029 vix
245 2962 361 3029 decem
385 2982 500 3029 versus
522 2971 701 3047 perpetuos
721 2964 758 3027 in
776 2962 844 3029 ulla
857 2963 975 3027 barum
989 2960 1190 3043 Eclegamm
1205 2980 1260 3027 me

163 3064 273 3129 adhuc
281 3064 501 3142 intellexisse,
507 3084 573 3129 non
582 3064 653 3129 sine
667 3062 897 3141 admiratione,
910 3063 1146 3147 perspicerem.
1166 3061 1258 3128 Hinc

161 3165 250 3231 euim
264 3166 469 3231 obturbabat
489 3165 667 3247 Latinitas,
689 3165 778 3231 falsa
793 3164 846 3229 vel
861 3168 1040 3248 suspecta;
1064 3162 1168 3242 illinc,
1185 3182 1260 3227 sen-

164 3284 223 3331 sus
234 3266 355 3345 nutius,
370 3267 496 3333 crebra
510 3266 746 3344 absurditates,
758 3264 1036 3330 contradictiones
1045 3282 1113 3328 non
1126 3283 1258 3346 pauca,

162 3386 236 3433 mos
252 3375 289 3432 et
312 3367 515 3452 compositio
537 3367 673 3432 minime
698 3365 859 3431 Postea:
883 3363 1039 3448 denique,
1064 3362 1148 3429 otoo
1169 3359 1257 3449 ὑγιές.

162 3468 281 3547 snex,
296 3468 441 3551 inquies,
454 3468 651 3533 accusatio:
665 3473 699 3532 et
712 3473 763 3531 est
776 3484 876 3545 sane;
892 3464 952 3529 sed
966 3463 1156 3542 mauedum,
1172 3464 1257 3529 uec-

162 3574 235 3649 tor:
256 3573 291 3633 et
304 3569 373 3634 nisi
393 3570 429 3633 in
450 3568 555 3634 Notis
572 3584 684 3633 veram
705 3568 904 3651 praestitero,
924 3586 990 3631 non
1002 3564 1173 3631 intercedo
1186 3583 1256 3647 quo

160 3670 270 3734 minus
284 3668 580 3753 impudentissimis
594 3673 627 3733 et
639 3667 903 3735 mendacissimis
921 3666 1111 3734 mortalium
1133 3684 1185 3729 me
1199 3684 1255 3730 ae-

161 3788 303 3837 censeas

204 3870 274 3937 His
287 3869 389 3953 igitur
402 3868 656 3937 difficultatibus
671 3870 779 3953 magis
797 3870 967 3947 incensus,
986 3866 1098 3934 denuo
1119 3868 1256 3934 aomtm

159 3992 233 4039 sum
243 3992 255 4053 ;
267 3972 335 4037 boc
348 3971 427 4050 fine,
447 3977 486 4037 ut
503 3970 550 4036 ad
563 3990 697 4037 mosum
710 3979 747 4036 et
768 3973 979 4056 propositum
995 3969 1158 4035 Auctoris
1171 3989 1256 4052 quu-

159 4092 228 4159 quo
240 4072 344 4139 modo
356 4072 582 4156 pervenirem:
609 4089 746 4156 sperans
766 4070 850 4150 sore,
863 4070 972 4157 (qnod
984 4071 1022 4135 in
1036 4070 1112 4135 aliis
1126 4067 1255 4136 Aucto·

160 4176 251 4245 ribus
273 4173 410 4241 solenne
430 4168 616 4257 noveram)
636 4180 686 4253 ut,
715 4172 746 4238 si
768 4192 835 4238 rem
850 4173 1082 4257 providissem
1102 4174 1207 4244 verba
1220 4179 1255 4243 et
