2992 4900
259 387 304 454 ro
575 402 786 454 sacrosan
808 403 1042 474 rssrraoraa

354 561 486 628 Marias
517 559 728 628 Salomonius
758 559 961 642 Albertiaas,
986 563 1041 629 Jc.
1080 562 1264 630 Commeat.

587 663 630 730 ad
651 664 733 748 Lag.
749 663 881 745 Gallus,
892 685 972 750 pag.
986 667 1020 732 9.

304 813 434 880 Statius
445 813 604 882 Caeoilius
615 815 784 896 Comicus,
793 824 828 884 et
843 817 974 884 Statius
990 817 1156 903 Papinius
1171 817 1352 896 Heroicus,

260 913 378 984 Polites
394 918 541 983 celebres
554 918 696 985 suerunt.

265 1029 266 1034 Ἰ
324 1067 479 1134 lacobus
493 1067 677 1150 Pantanus,
693 1067 795 1136 Attio.
809 1069 934 1136 Bellar.
950 1069 1043 1136 Part
1062 1088 1102 1136 rr.
1117 1090 1194 1156 pag.
1209 1070 1286 1138 337.

301 1183 382 1266 Cur,
399 1205 528 1272 quaeso,
547 1187 688 1268 Statius,
711 1189 865 1254 sublimis
886 1188 945 1255 ille
959 1193 993 1254 et
1016 1189 1129 1254 oelsas
1143 1187 1256 1255 Polite
1269 1187 1352 1273 Lip-

260 1289 324 1366 sio,
349 1295 384 1354 et
405 1308 475 1372 prae
500 1291 653 1356 omnibus
686 1291 851 1356 veteribus
876 1309 918 1356 ac
943 1292 1129 1357 recentibus
1151 1289 1351 1373 Virgilianae

257 1391 429 1476 majestati
441 1392 578 1475 propior
591 1391 774 1476 scaligero,
790 1411 852 1457 car
865 1390 1083 1472 Claudianus,
1097 1399 1167 1458 tam
1189 1389 1350 1457 rotundas

259 1499 293 1556 et
306 1499 468 1559 venustas
483 1493 602 1572 Po'e'ta,
624 1494 832 1579 diligentiam
853 1500 887 1559 et
907 1483 992 1559 bene
1013 1495 1220 1560 literatorum
1242 1493 1350 1558 Inter·

259 1602 391 1676 pretam
413 1595 487 1660 luce
508 1595 669 1674 destituti,
691 1595 727 1661 in
749 1595 894 1661 tenebris
915 1593 1044 1660 tamdiu
1066 1593 1189 1660 deserti
1206 1593 1350 1686 jaoenti

259 1693 388 1761 Gratiae
411 1697 620 1764 debebantur
640 1717 771 1780 magnae
797 1696 902 1762 Sooto
926 1696 1071 1775 cuidam,
1092 1701 1127 1762 et
1147 1695 1245 1762 alteri
1267 1693 1351 1760 His·

258 1815 359 1878 pano,
373 1805 406 1864 et
419 1799 518 1867 tertio
530 1798 712 1877 Germano,
726 1799 756 1865 si
777 1799 993 1883 prostiterint
1005 1797 1098 1884 qaod
1111 1798 1350 1882 promiserant.

259 1897 488 1966 Promiseruat
524 1907 633 1966 autera
663 1901 840 1966 amassia
867 1907 1044 1985 atramque
1071 1897 1348 1966 Commentarios.

259 1999 363 2079 Quod
381 2002 476 2068 Deus
487 2001 568 2088 Opt.
584 2001 681 2068 Max.
695 2005 778 2067 bene
792 2002 946 2070 iortanet

257 2149 360 2236 Casp.
389 2151 564 2220 Canradus
596 2151 898 2238 Prosopograpbise
927 2151 1061 2220 Melicae
1088 2149 1277 2218 Millenario
1306 2165 1349 2216 ιι.

743 2275 764 2320 a
787 2255 886 2321 .185.

442 2373 613 2441 Puaaras
630 2274 795 2440 SmeSs
811 2372 1012 2454 Parisios,
1027 2388 1161 2438 roarn.

322 2473 503 2543 Proximus
516 2495 553 2542 es
565 2496 706 2556 summo,
721 2475 849 2543 Vatum
862 2476 929 2541 nisi
944 2495 1095 2541 summas
1109 2474 1260 2540 haberis:

363 2576 525 2663 Virgilius
538 2586 665 2664 praeeat
676 2580 684 2645 l
706 2586 741 2645 te
756 2581 814 2646 via
827 2598 915 2663 pone
929 2584 1029 2643 tenet.

364 2730 504 2798 Samuel
519 2732 726 2813 Dresemias,
741 2732 784 2799 ad
801 2732 861 2797 lib.
876 2748 911 2796 v.
926 2730 1071 2817 Josepbi
1086 2726 1244 2794 Devonii.

299 2849 485 2937 Papinius:
508 2852 668 2919 ‘Fortius
690 2854 861 2919 incursant
881 2850 996 2937 Tyrii?
1040 2846 1256 2915 UadeSilias
1268 2844 1354 2959 abir:

257 2953 363 3019 mavit
376 2974 423 3034 se,
437 2974 511 3019 oum
527 2955 585 3020 lib.
598 2972 663 3019 xv.
693 2953 844 3022 ‘Aerias
858 2954 924 3020 hoo
938 2954 1062 3020 Italam
1077 2952 1184 3035 pubes
1195 2948 1342 3014 iaoarrit.

258 3052 307 3119 Ut
317 3055 423 3121 malta
432 3056 502 3121 alia
514 3076 559 3121 ex
573 3056 632 3122 illo
642 3056 796 3136 deducta,
806 3057 928 3141 quibas
941 3054 1120 3122 aestimiam
1133 3051 1244 3135 magni
1257 3050 1352 3115 illias

261 3155 380 3223 Poiitae
395 3164 545 3241 angetur,
568 3160 664 3245 caJas
686 3178 805 3224 nomen
825 3176 1036 3241 nequaquam
1058 3162 1129 3219 tam
1149 3152 1280 3217 frivolis
1301 3170 1353 3215 re·

257 3257 413 3324 oessibas
435 3260 608 3327 obscurari
630 3261 758 3341 debuit,
773 3283 848 3328 anm
865 3269 900 3326 et
914 3259 978 3324 Vir
993 3259 1125 3336 doctus,
1139 3262 1172 3321 et
1187 3251 1353 3321 Consula-

255 3358 313 3435 ris,
335 3365 371 3424 et
395 3362 590 3445 aliquandiu
615 3362 700 3430 forto
715 3361 884 3450 σῦγχρονος,
900 3362 983 3428 tanti
997 3366 1075 3445 post
1087 3358 1225 3424 anioam
1237 3354 1352 3438 Virgi-

259 3460 588 3528 liumillamleeerit.
1239 3450 1242 3457 ’

749 3573 857 3639 Idem.

300 3688 445 3755 Maximi
461 3688 592 3771 Poste,
607 3688 788 3772 Homerus,
803 3690 978 3775 Virgilius,
992 3690 1133 3756 Statius.

338 3837 380 3905 L.
394 3837 572 3905 Vitruvius
587 3838 748 3921 Roscius,
763 3840 807 3906 de
822 3839 968 3908 Ratione
983 3840 1148 3921 Docendi,
1162 3861 1197 3925 p.
1211 3842 1269 3907 77.

298 3973 385 4041 Post
405 3974 582 4058 Virgilium
604 3977 703 4044 Statii
725 3977 862 4061 Papinii
880 3977 1028 4044 Thebais
1045 3980 1168 4063 optime
1182 3976 1351 4061 relinque·

256 4084 320 4140 tur.
364 4076 455 4141 Nam
478 4096 555 4143 cam
569 4078 613 4143 ed
627 4078 721 4145 illias
735 4080 955 4149 imitationem
970 4081 1159 4166 composita
1172 4082 1229 4159 sit,
1243 4078 1353 4145 minor

255 4177 320 4245 erit
334 4177 429 4243 labor
440 4179 477 4245 ia
492 4178 664 4247 discendo.
