<?xml version="1.0" encoding="UTF-8"?>
<!DOCTYPE html PUBLIC "-//W3C//DTD XHTML 1.0 Transitional//EN"
    "http://www.w3.org/TR/xhtml1/DTD/xhtml1-transitional.dtd">
<html xmlns="http://www.w3.org/1999/xhtml" xml:lang="en" lang="en">
 <head>
  <title>
</title>
<meta http-equiv="Content-Type" content="text/html;charset=utf-8" />
  <meta name='ocr-system' content='tesseract 3.04.00' />
  <meta name='ocr-capabilities' content='ocr_page ocr_carea ocr_par ocr_line ocrx_word'/>
</head>
<body>
  <div class='ocr_page' id='page_1' title='image "./ppapiniistatiio03statgoog_0038.png"; bbox 0 0 2992 4900; ppageno 0'>
   <div class='ocr_carea' id='block_1_1' title="bbox 244 323 1023 452">
    <p class='ocr_par' dir='ltr' id='par_1_1' title="bbox 244 323 1023 452">
     <span class='ocr_line' id='line_1_1' title="bbox 375 323 390 348; baseline 0 0"><span class='ocrx_word' id='word_1_1' title='bbox 375 323 390 348; x_wconf 83' lang='lat'><strong>.</strong></span> 
     </span>
     <span class='ocr_line' id='line_1_2' title="bbox 244 373 1023 452; baseline -0.005 -10"><span class='ocrx_word' id='word_1_2' title='bbox 244 373 290 442; x_wconf 77' lang='lat'><strong>26</strong></span> <span class='ocrx_word' id='word_1_3' title='bbox 542 391 583 438; x_wconf 75' lang='lat' dir='ltr'><strong>s.</strong></span> <span class='ocrx_word' id='word_1_4' title='bbox 608 387 752 438; x_wconf 76' lang='lat' dir='ltr'><strong>sarran</strong></span> <span class='ocrx_word' id='word_1_5' title='bbox 776 387 901 440; x_wconf 79' lang='lat' dir='ltr'><strong>srnru</strong></span> <span class='ocrx_word' id='word_1_6' title='bbox 921 387 1023 452; x_wconf 71' lang='lat' dir='ltr'><strong>urps.</strong></span> 
     </span>
    </p>
   </div>
   <div class='ocr_carea' id='block_1_2' title="bbox 245 533 1383 1350">
    <p class='ocr_par' dir='ltr' id='par_1_2' title="bbox 245 533 1383 1350">
     <span class='ocr_line' id='line_1_3' title="bbox 246 533 1383 622; baseline -0.01 -17"><span class='ocrx_word' id='word_1_7' title='bbox 246 555 327 622; x_wconf 88' lang='lat' dir='ltr'><strong>geru</strong></span> <span class='ocrx_word' id='word_1_8' title='bbox 344 535 464 612; x_wconf 88' lang='lat' dir='ltr'><strong>Dante,</strong></span> <span class='ocrx_word' id='word_1_9' title='bbox 477 551 541 600; x_wconf 88' lang='lat' dir='ltr'><strong>suo</strong></span> <span class='ocrx_word' id='word_1_10' title='bbox 555 535 700 600; x_wconf 77' lang='lat' dir='ltr'><strong>carmine</strong></span> <span class='ocrx_word' id='word_1_11' title='bbox 713 534 893 618; x_wconf 85' lang='lat' dir='ltr'><strong>proditum,</strong></span> <span class='ocrx_word' id='word_1_12' title='bbox 907 533 1053 600; x_wconf 88' lang='lat' dir='ltr'><strong>Statium</strong></span> <span class='ocrx_word' id='word_1_13' title='bbox 1066 534 1222 600; x_wconf 83' lang='lat' dir='ltr'><strong>videlicet</strong></span> <span class='ocrx_word' id='word_1_14' title='bbox 1233 533 1338 619; x_wconf 82' lang='lat' dir='ltr'><strong>Papi·</strong></span> <span class='ocrx_word' id='word_1_15' title='bbox 1373 581 1383 594; x_wconf 90' lang='lat'><em>.</em></span> 
     </span>
     <span class='ocr_line' id='line_1_4' title="bbox 245 635 1339 721; baseline -0.006 -15"><span class='ocrx_word' id='word_1_16' title='bbox 245 641 336 706; x_wconf 87' lang='lat' dir='ltr'><strong>nium</strong></span> <span class='ocrx_word' id='word_1_17' title='bbox 351 637 499 721; x_wconf 81' lang='lat' dir='ltr'><strong>religioni</strong></span> <span class='ocrx_word' id='word_1_18' title='bbox 521 635 722 702; x_wconf 70' lang='lat' dir='ltr'><strong>chusuunn</strong></span> <span class='ocrx_word' id='word_1_19' title='bbox 748 636 917 701; x_wconf 85' lang='lat' dir='ltr'><strong>addictum</strong></span> <span class='ocrx_word' id='word_1_20' title='bbox 939 637 1057 714; x_wconf 81' lang='lat' dir='ltr'><strong>luisse,</strong></span> <span class='ocrx_word' id='word_1_21' title='bbox 1073 635 1339 721; x_wconf 83' lang='lat' dir='ltr'><strong>Christianieque</strong></span> 
     </span>
     <span class='ocr_line' id='line_1_5' title="bbox 248 738 1339 823; baseline -0.004 -15"><span class='ocrx_word' id='word_1_22' title='bbox 248 751 319 808; x_wconf 90' lang='lat' dir='ltr'><strong>tum</strong></span> <span class='ocrx_word' id='word_1_23' title='bbox 333 740 577 816; x_wconf 75' lang='lat' dir='ltr'><strong>laborantibus,</strong></span> <span class='ocrx_word' id='word_1_24' title='bbox 598 740 641 804; x_wconf 90' lang='lat' dir='ltr'><strong>ob</strong></span> <span class='ocrx_word' id='word_1_25' title='bbox 667 744 791 806; x_wconf 88' lang='lat' dir='ltr'><strong>metum</strong></span> <span class='ocrx_word' id='word_1_26' title='bbox 813 739 967 816; x_wconf 80' lang='lat' dir='ltr'><strong>occulte,</strong></span> <span class='ocrx_word' id='word_1_27' title='bbox 979 757 1041 822; x_wconf 90' lang='lat' dir='ltr'><strong>pro</strong></span> <span class='ocrx_word' id='word_1_28' title='bbox 1061 738 1150 803; x_wconf 78' lang='lat' dir='ltr'><strong>virili</strong></span> <span class='ocrx_word' id='word_1_29' title='bbox 1172 759 1271 823; x_wconf 86' lang='lat' dir='ltr'><strong>opem</strong></span> <span class='ocrx_word' id='word_1_30' title='bbox 1287 745 1339 804; x_wconf 89' lang='lat' dir='ltr'><strong>tu·</strong></span> 
     </span>
     <span class='ocr_line' id='line_1_6' title="bbox 247 839 1341 924; baseline -0.006 -10"><span class='ocrx_word' id='word_1_31' title='bbox 247 846 341 923; x_wconf 82' lang='lat' dir='ltr'><strong>iisse,</strong></span> <span class='ocrx_word' id='word_1_32' title='bbox 354 861 396 908; x_wconf 88' lang='lat' dir='ltr'><strong>ne</strong></span> <span class='ocrx_word' id='word_1_33' title='bbox 410 842 540 909; x_wconf 85' lang='lat' dir='ltr'><strong>scilicet</strong></span> <span class='ocrx_word' id='word_1_34' title='bbox 555 840 734 924; x_wconf 85' lang='lat' dir='ltr'><strong>suppliciis</strong></span> <span class='ocrx_word' id='word_1_35' title='bbox 748 839 1030 924; x_wconf 80' lang='lat' dir='ltr'><strong>cruciatibusque,</strong></span> <span class='ocrx_word' id='word_1_36' title='bbox 1040 841 1165 924; x_wconf 76' lang='lat' dir='ltr'><strong>quihus</strong></span> <span class='ocrx_word' id='word_1_37' title='bbox 1179 847 1249 906; x_wconf 88' lang='lat' dir='ltr'><strong>turn</strong></span> <span class='ocrx_word' id='word_1_38' title='bbox 1259 861 1341 924; x_wconf 83' lang='lat' dir='ltr'><strong>pus-</strong></span> 
     </span>
     <span class='ocr_line' id='line_1_7' title="bbox 247 942 1341 1027; baseline -0.005 -13"><span class='ocrx_word' id='word_1_39' title='bbox 247 949 312 1014; x_wconf 82' lang='lat' dir='ltr'><strong>sim</strong></span> <span class='ocrx_word' id='word_1_40' title='bbox 327 943 565 1023; x_wconf 80' lang='lat' dir='ltr'><strong>efficiebantur,</strong></span> <span class='ocrx_word' id='word_1_41' title='bbox 580 944 759 1026; x_wconf 70' lang='lat' dir='ltr'><strong>agitantur</strong></span> <span class='ocrx_word' id='word_1_42' title='bbox 770 944 856 1026; x_wconf 85' lang='lat' dir='ltr'><strong>ipse.</strong></span> <span class='ocrx_word' id='word_1_43' title='bbox 900 943 942 1008; x_wconf 88' lang='lat' dir='ltr'><strong>ln</strong></span> <span class='ocrx_word' id='word_1_44' title='bbox 954 942 1041 1008; x_wconf 76' lang='lat' dir='ltr'><strong>hunc</strong></span> <span class='ocrx_word' id='word_1_45' title='bbox 1058 947 1167 1009; x_wconf 72' lang='lat' dir='ltr'><strong>cutm</strong></span> <span class='ocrx_word' id='word_1_46' title='bbox 1181 945 1341 1027; x_wconf 76' lang='lat' dir='ltr'><strong>pietatem</strong></span> 
     </span>
     <span class='ocr_line' id='line_1_8' title="bbox 249 1043 1341 1132; baseline -0.005 -17"><span class='ocrx_word' id='word_1_47' title='bbox 249 1055 286 1116; x_wconf 89' lang='lat' dir='ltr'><strong>et</strong></span> <span class='ocrx_word' id='word_1_48' title='bbox 298 1048 492 1132; x_wconf 86' lang='lat' dir='ltr'><strong>religionem</strong></span> <span class='ocrx_word' id='word_1_49' title='bbox 505 1046 680 1112; x_wconf 77' lang='lat' dir='ltr'><strong>inclinasse</strong></span> <span class='ocrx_word' id='word_1_50' title='bbox 693 1043 784 1110; x_wconf 87' lang='lat' dir='ltr'><strong>idem</strong></span> <span class='ocrx_word' id='word_1_51' title='bbox 797 1043 906 1111; x_wconf 81' lang='lat' dir='ltr'><strong>Poiitu</strong></span> <span class='ocrx_word' id='word_1_52' title='bbox 918 1043 1034 1122; x_wconf 84' lang='lat' dir='ltr'><strong>innuit,</strong></span> <span class='ocrx_word' id='word_1_53' title='bbox 1057 1045 1102 1110; x_wconf 93' lang='lat' dir='ltr'><strong>ob</strong></span> <span class='ocrx_word' id='word_1_54' title='bbox 1122 1063 1185 1110; x_wconf 77' lang='lat' dir='ltr'><strong>eus</strong></span> <span class='ocrx_word' id='word_1_55' title='bbox 1204 1045 1341 1130; x_wconf 84' lang='lat' dir='ltr'><strong>Virgilii</strong></span> 
     </span>
     <span class='ocr_line' id='line_1_9' title="bbox 248 1147 590 1233; baseline -0.02 -15"><span class='ocrx_word' id='word_1_56' title='bbox 248 1169 364 1218; x_wconf 76' lang='lat' dir='ltr'><strong>rerem</strong></span> <span class='ocrx_word' id='word_1_57' title='bbox 378 1169 423 1216; x_wconf 87' lang='lat' dir='ltr'><strong>ex</strong></span> <span class='ocrx_word' id='word_1_58' title='bbox 437 1147 590 1233; x_wconf 81' lang='lat' dir='ltr'><strong>Sibyllu:</strong></span> 
     </span>
     <span class='ocr_line' id='line_1_10' title="bbox 375 1264 1246 1350; baseline -0.001 -16"><span class='ocrx_word' id='word_1_59' title='bbox 375 1267 455 1334; x_wconf 81' lang='lat' dir='ltr'><strong>Jum</strong></span> <span class='ocrx_word' id='word_1_60' title='bbox 468 1265 554 1332; x_wconf 91' lang='lat' dir='ltr'><strong>redit</strong></span> <span class='ocrx_word' id='word_1_61' title='bbox 567 1271 601 1332; x_wconf 90' lang='lat' dir='ltr'><strong>et</strong></span> <span class='ocrx_word' id='word_1_62' title='bbox 613 1265 730 1350; x_wconf 86' lang='lat' dir='ltr'><strong>Virgo,</strong></span> <span class='ocrx_word' id='word_1_63' title='bbox 742 1264 879 1331; x_wconf 71' lang='lat' dir='ltr'><strong>redeam</strong></span> <span class='ocrx_word' id='word_1_64' title='bbox 891 1266 1050 1332; x_wconf 86' lang='lat' dir='ltr'><strong>Satumia</strong></span> <span class='ocrx_word' id='word_1_65' title='bbox 1062 1284 1172 1350; x_wconf 88' lang='lat' dir='ltr'><strong>regnu,</strong></span> <span class='ocrx_word' id='word_1_66' title='bbox 1185 1272 1246 1334; x_wconf 78' lang='lat' dir='ltr'><strong>tuo.</strong></span> 
     </span>
    </p>
   </div>
   <div class='ocr_carea' id='block_1_3' title="bbox 145 1385 1345 1882">
    <p class='ocr_par' dir='ltr' id='par_1_3' title="bbox 249 1385 1343 1482">
     <span class='ocr_line' id='line_1_11' title="bbox 249 1385 1343 1482; baseline 0.002 -30"><span class='ocrx_word' id='word_1_67' title='bbox 249 1386 320 1452; x_wconf 85' lang='lat' dir='ltr'><strong>Sed</strong></span> <span class='ocrx_word' id='word_1_68' title='bbox 334 1405 378 1482; x_wconf 80' lang='lat' dir='ltr'><strong>an</strong></span> <span class='ocrx_word' id='word_1_69' title='bbox 393 1385 523 1452; x_wconf 79' lang='lat' dir='ltr'><strong>Dentes</strong></span> <span class='ocrx_word' id='word_1_70' title='bbox 547 1385 707 1472; x_wconf 85' lang='lat' dir='ltr'><strong>deceptus</strong></span> <span class='ocrx_word' id='word_1_71' title='bbox 730 1386 787 1466; x_wconf 88' lang='lat' dir='ltr'><strong>sit,</strong></span> <span class='ocrx_word' id='word_1_72' title='bbox 807 1393 847 1451; x_wconf 92' lang='lat' dir='ltr'><strong>ut</strong></span> <span class='ocrx_word' id='word_1_73' title='bbox 868 1387 905 1452; x_wconf 90' lang='lat' dir='ltr'><strong>in</strong></span> <span class='ocrx_word' id='word_1_74' title='bbox 924 1385 1076 1470; x_wconf 85' lang='lat' dir='ltr'><strong>ejusdcm</strong></span> <span class='ocrx_word' id='word_1_75' title='bbox 1097 1387 1198 1452; x_wconf 86' lang='lat' dir='ltr'><strong>etium</strong></span> <span class='ocrx_word' id='word_1_76' title='bbox 1220 1391 1343 1473; x_wconf 87' lang='lat' dir='ltr'><strong>patria,</strong></span> 
     </span>
    </p>

    <p class='ocr_par' dir='ltr' id='par_1_4' title="bbox 145 1475 1345 1882">
     <span class='ocr_line' id='line_1_12' title="bbox 145 1475 1343 1568; baseline -0.003 -11"><span class='ocrx_word' id='word_1_77' title='bbox 145 1475 149 1483; x_wconf 45' lang='lat'>⁵</span> <span class='ocrx_word' id='word_1_78' title='bbox 249 1509 317 1557; x_wconf 90' lang='lat' dir='ltr'><strong>nou</strong></span> <span class='ocrx_word' id='word_1_79' title='bbox 330 1490 429 1557; x_wconf 81' lang='lat' dir='ltr'><strong>vohis</strong></span> <span class='ocrx_word' id='word_1_80' title='bbox 438 1488 540 1556; x_wconf 81' lang='lat' dir='ltr'><strong>facile</strong></span> <span class='ocrx_word' id='word_1_81' title='bbox 556 1489 710 1568; x_wconf 87' lang='lat' dir='ltr'><strong>dixerim,</strong></span> <span class='ocrx_word' id='word_1_82' title='bbox 723 1507 802 1554; x_wconf 85' lang='lat' dir='ltr'><strong>num</strong></span> <span class='ocrx_word' id='word_1_83' title='bbox 816 1494 850 1553; x_wconf 92' lang='lat' dir='ltr'><strong>et</strong></span> <span class='ocrx_word' id='word_1_84' title='bbox 862 1489 1061 1554; x_wconf 87' lang='lat' dir='ltr'><strong>recentiores</strong></span> <span class='ocrx_word' id='word_1_85' title='bbox 1071 1486 1155 1553; x_wconf 88' lang='lat' dir='ltr'><strong>alios</strong></span> <span class='ocrx_word' id='word_1_86' title='bbox 1165 1489 1343 1554; x_wconf 91' lang='lat' dir='ltr'><strong>nonnullos</strong></span> 
     </span>
     <span class='ocr_line' id='line_1_13' title="bbox 250 1589 1344 1677; baseline -0.002 -19"><span class='ocrx_word' id='word_1_87' title='bbox 250 1593 431 1677; x_wconf 78' lang='lat' dir='ltr'><strong>scriptores</strong></span> <span class='ocrx_word' id='word_1_88' title='bbox 444 1592 479 1657; x_wconf 89' lang='lat' dir='ltr'><strong>in</strong></span> <span class='ocrx_word' id='word_1_89' title='bbox 492 1593 611 1658; x_wconf 87' lang='lat' dir='ltr'><strong>eodem</strong></span> <span class='ocrx_word' id='word_1_90' title='bbox 625 1591 732 1657; x_wconf 82' lang='lat' dir='ltr'><strong>luisse</strong></span> <span class='ocrx_word' id='word_1_91' title='bbox 748 1609 856 1656; x_wconf 88' lang='lat' dir='ltr'><strong>errore</strong></span> <span class='ocrx_word' id='word_1_92' title='bbox 874 1589 1023 1656; x_wconf 86' lang='lat' dir='ltr'><strong>invenio.</strong></span> <span class='ocrx_word' id='word_1_93' title='bbox 1066 1589 1201 1675; x_wconf 78' lang='lat' dir='ltr'><strong>legitur</strong></span> <span class='ocrx_word' id='word_1_94' title='bbox 1211 1597 1248 1655; x_wconf 87' lang='lat' dir='ltr'><strong>ct</strong></span> <span class='ocrx_word' id='word_1_95' title='bbox 1261 1589 1344 1675; x_wconf 83' lang='lat' dir='ltr'><strong>Epi·</strong></span> 
     </span>
     <span class='ocr_line' id='line_1_14' title="bbox 250 1691 1345 1779; baseline -0.003 -18"><span class='ocrx_word' id='word_1_96' title='bbox 250 1695 403 1779; x_wconf 85' lang='lat' dir='ltr'><strong>taphium</strong></span> <span class='ocrx_word' id='word_1_97' title='bbox 418 1693 519 1761; x_wconf 81' lang='lat' dir='ltr'><strong>Statii</strong></span> <span class='ocrx_word' id='word_1_98' title='bbox 534 1713 555 1759; x_wconf 89' lang='lat' dir='ltr'><strong>a</strong></span> <span class='ocrx_word' id='word_1_99' title='bbox 569 1693 770 1777; x_wconf 89' lang='lat' dir='ltr'><strong>Pomponio,</strong></span> <span class='ocrx_word' id='word_1_100' title='bbox 791 1697 829 1757; x_wconf 89' lang='lat' dir='ltr'><strong>nt</strong></span> <span class='ocrx_word' id='word_1_101' title='bbox 843 1691 956 1772; x_wconf 83' lang='lat' dir='ltr'><strong>fertur,</strong></span> <span class='ocrx_word' id='word_1_102' title='bbox 978 1691 1159 1776; x_wconf 89' lang='lat' dir='ltr'><strong>conditum,</strong></span> <span class='ocrx_word' id='word_1_103' title='bbox 1183 1691 1276 1778; x_wconf 88' lang='lat' dir='ltr'><strong>quod</strong></span> <span class='ocrx_word' id='word_1_104' title='bbox 1297 1711 1345 1758; x_wconf 88' lang='lat' dir='ltr'><strong>re·</strong></span> 
     </span>
     <span class='ocr_line' id='line_1_15' title="bbox 252 1793 883 1882; baseline -0.006 -20"><span class='ocrx_word' id='word_1_105' title='bbox 252 1797 338 1862; x_wconf 84' lang='lat' dir='ltr'><strong>serre</strong></span> <span class='ocrx_word' id='word_1_106' title='bbox 352 1793 445 1862; x_wconf 87' lang='lat' dir='ltr'><strong>haud</strong></span> <span class='ocrx_word' id='word_1_107' title='bbox 458 1795 601 1882; x_wconf 86' lang='lat' dir='ltr'><strong>pretium</strong></span> <span class='ocrx_word' id='word_1_108' title='bbox 615 1813 728 1881; x_wconf 76' lang='lat' dir='ltr'><strong>operm</strong></span> <span class='ocrx_word' id='word_1_109' title='bbox 744 1793 883 1861; x_wconf 85' lang='lat' dir='ltr'><strong>videtur.</strong></span> 
     </span>
    </p>
   </div>
   <div class='ocr_carea' id='block_1_4' title="bbox 426 2051 1173 2273">
    <p class='ocr_par' dir='ltr' id='par_1_5' title="bbox 426 2051 1173 2273">
     <span class='ocr_line' id='line_1_16' title="bbox 426 2051 1173 2134; baseline -0.005 -11"><span class='ocrx_word' id='word_1_110' title='bbox 426 2051 690 2123; x_wconf 80' lang='lat' dir='ltr'><strong>GERARDUS</strong></span> <span class='ocrx_word' id='word_1_111' title='bbox 712 2052 934 2122; x_wconf 79' lang='lat' dir='ltr'><strong>JOANNES</strong></span> <span class='ocrx_word' id='word_1_112' title='bbox 957 2052 1173 2134; x_wconf 81' lang='lat' dir='ltr'><strong>voss1US,</strong></span> 
     </span>
     <span class='ocr_line' id='line_1_17' title="bbox 485 2219 1116 2273; baseline 0 -3"><span class='ocrx_word' id='word_1_113' title='bbox 485 2219 534 2270; x_wconf 83' lang='lat' dir='ltr'><strong>nn</strong></span> <span class='ocrx_word' id='word_1_114' title='bbox 551 2219 679 2273; x_wconf 79' lang='lat' dir='ltr'><strong>nonum</strong></span> <span class='ocrx_word' id='word_1_115' title='bbox 696 2219 840 2272; x_wconf 71' lang='lat' dir='ltr'><strong>narrare</strong></span> <span class='ocrx_word' id='word_1_116' title='bbox 858 2219 938 2272; x_wconf 77' lang='lat' dir='ltr'><strong>cnr.</strong></span> <span class='ocrx_word' id='word_1_117' title='bbox 955 2220 1010 2271; x_wconf 90' lang='grc' dir='ltr'>ιιι.</span> <span class='ocrx_word' id='word_1_118' title='bbox 1027 2219 1058 2271; x_wconf 77' lang='lat' dir='ltr'><strong>r.</strong></span> <span class='ocrx_word' id='word_1_119' title='bbox 1073 2224 1116 2271; x_wconf 78' lang='lat' dir='ltr'><strong>rs.</strong></span> 
     </span>
    </p>
   </div>
   <div class='ocr_carea' id='block_1_5' title="bbox 216 2380 1492 4304">
    <p class='ocr_par' dir='ltr' id='par_1_6' title="bbox 257 2380 1492 3173">
     <span class='ocr_line' id='line_1_18' title="bbox 301 2380 1492 2469; baseline 0.006 -23"><span class='ocrx_word' id='word_1_120' title='bbox 301 2381 465 2446; x_wconf 77' lang='lat' dir='ltr'><strong>Srnurus</strong></span> <span class='ocrx_word' id='word_1_121' title='bbox 494 2380 682 2449; x_wconf 75' lang='lat' dir='ltr'><strong>Pnururus</strong></span> <span class='ocrx_word' id='word_1_122' title='bbox 712 2380 833 2461; x_wconf 76' lang='lat' dir='ltr'><strong>Polite,</strong></span> <span class='ocrx_word' id='word_1_123' title='bbox 854 2383 913 2469; x_wconf 88' lang='lat' dir='ltr'><strong>qui</strong></span> <span class='ocrx_word' id='word_1_124' title='bbox 943 2384 1008 2449; x_wconf 86' lang='lat' dir='ltr'><strong>sub</strong></span> <span class='ocrx_word' id='word_1_125' title='bbox 1034 2381 1231 2449; x_wconf 88' lang='lat' dir='ltr'><strong>Domitiuuo</strong></span> <span class='ocrx_word' id='word_1_126' title='bbox 1251 2385 1350 2465; x_wconf 81' lang='lat' dir='ltr'><strong>vixit,</strong></span> <span class='ocrx_word' id='word_1_127' title='bbox 1491 2455 1492 2468; x_wconf 52' lang='grc'>,</span> 
     </span>
     <span class='ocr_line' id='line_1_19' title="bbox 259 2473 1492 2569; baseline 0.002 -19"><span class='ocrx_word' id='word_1_128' title='bbox 259 2502 436 2569; x_wconf 80' lang='lat' dir='ltr'><strong>perperam</strong></span> <span class='ocrx_word' id='word_1_129' title='bbox 452 2482 659 2549; x_wconf 85' lang='lat' dir='ltr'><strong>confunditur</strong></span> <span class='ocrx_word' id='word_1_130' title='bbox 672 2504 750 2549; x_wconf 88' lang='lat' dir='ltr'><strong>cum</strong></span> <span class='ocrx_word' id='word_1_131' title='bbox 759 2484 868 2551; x_wconf 86' lang='lat' dir='ltr'><strong>Statio</strong></span> <span class='ocrx_word' id='word_1_132' title='bbox 882 2484 1004 2565; x_wconf 78' lang='lat' dir='ltr'><strong>Po&#39;dta,</strong></span> <span class='ocrx_word' id='word_1_133' title='bbox 1018 2487 1214 2569; x_wconf 86' lang='lat' dir='ltr'><strong>cognomine</strong></span> <span class='ocrx_word' id='word_1_134' title='bbox 1228 2486 1355 2553; x_wconf 88' lang='lat' dir='ltr'><strong>Sorou-</strong></span> <span class='ocrx_word' id='word_1_135' title='bbox 1491 2473 1492 2538; x_wconf 64' lang='lat' dir='ltr'><strong>l</strong></span> 
     </span>
     <span class='ocr_line' id='line_1_20' title="bbox 257 2584 1492 2669; baseline 0.003 -18"><span class='ocrx_word' id='word_1_136' title='bbox 257 2588 302 2664; x_wconf 88' lang='lat' dir='ltr'><strong>lo,</strong></span> <span class='ocrx_word' id='word_1_137' title='bbox 327 2587 385 2669; x_wconf 90' lang='lat' dir='ltr'><strong>qui</strong></span> <span class='ocrx_word' id='word_1_138' title='bbox 399 2585 520 2650; x_wconf 89' lang='lat' dir='ltr'><strong>claruit</strong></span> <span class='ocrx_word' id='word_1_139' title='bbox 540 2587 602 2651; x_wconf 88' lang='lat' dir='ltr'><strong>sub</strong></span> <span class='ocrx_word' id='word_1_140' title='bbox 618 2584 764 2651; x_wconf 86' lang='lat' dir='ltr'><strong>Nerone.</strong></span> <span class='ocrx_word' id='word_1_141' title='bbox 808 2586 862 2650; x_wconf 90' lang='lat' dir='ltr'><strong>De</strong></span> <span class='ocrx_word' id='word_1_142' title='bbox 886 2585 1034 2652; x_wconf 85' lang='lat' dir='ltr'><strong>Rhetorc</strong></span> <span class='ocrx_word' id='word_1_143' title='bbox 1058 2598 1137 2653; x_wconf 86' lang='lat' dir='ltr'><strong>suut</strong></span> <span class='ocrx_word' id='word_1_144' title='bbox 1152 2587 1214 2652; x_wconf 88' lang='lat' dir='ltr'><strong>illa</strong></span> <span class='ocrx_word' id='word_1_145' title='bbox 1229 2588 1353 2655; x_wconf 89' lang='lat' dir='ltr'><strong>Hiero·</strong></span> <span class='ocrx_word' id='word_1_146' title='bbox 1491 2603 1492 2608; x_wconf 76' lang='grc'>’</span> 
     </span>
     <span class='ocr_line' id='line_1_21' title="bbox 258 2681 1492 2775; baseline 0.003 -24"><span class='ocrx_word' id='word_1_147' title='bbox 258 2689 348 2773; x_wconf 87' lang='lat' dir='ltr'><strong>nymi</strong></span> <span class='ocrx_word' id='word_1_148' title='bbox 362 2688 397 2751; x_wconf 88' lang='lat' dir='ltr'><strong>in</strong></span> <span class='ocrx_word' id='word_1_149' title='bbox 412 2686 578 2753; x_wconf 83' lang='lat' dir='ltr'><strong>Chronico</strong></span> <span class='ocrx_word' id='word_1_150' title='bbox 593 2686 808 2755; x_wconf 83' lang='lat' dir='ltr'><strong>Eusebiano:</strong></span> <span class='ocrx_word' id='word_1_151' title='bbox 835 2686 968 2773; x_wconf 86' lang='lat' dir='ltr'><strong>Olymp.</strong></span> <span class='ocrx_word' id='word_1_152' title='bbox 992 2704 1096 2754; x_wconf 75' lang='lat' dir='ltr'><strong>ccix.</strong></span> <span class='ocrx_word' id='word_1_153' title='bbox 1120 2708 1174 2754; x_wconf 91' lang='lat' dir='ltr'><strong>nn.</strong></span> <span class='ocrx_word' id='word_1_154' title='bbox 1186 2690 1218 2753; x_wconf 94' lang='lat'><strong>1.</strong></span> <span class='ocrx_word' id='word_1_155' title='bbox 1237 2689 1353 2775; x_wconf 88' lang='lat' dir='ltr'><strong>(estis</strong></span> <span class='ocrx_word' id='word_1_156' title='bbox 1491 2681 1492 2736; x_wconf 53' lang='grc' dir='ltr'>ἐ</span> 
     </span>
     <span class='ocr_line' id='line_1_22' title="bbox 258 2787 1354 2875; baseline -0.001 -19"><span class='ocrx_word' id='word_1_157' title='bbox 258 2789 407 2856; x_wconf 88' lang='lat' dir='ltr'><strong>Neronis</strong></span> <span class='ocrx_word' id='word_1_158' title='bbox 421 2787 608 2875; x_wconf 87' lang='lat' dir='ltr'><strong>secundus)</strong></span> <span class='ocrx_word' id='word_1_159' title='bbox 629 2791 777 2855; x_wconf 85' lang='lat' dir='ltr'><strong>‘Statius</strong></span> <span class='ocrx_word' id='word_1_160' title='bbox 792 2788 954 2855; x_wconf 85' lang='lat' dir='ltr'><strong>Surculus</strong></span> <span class='ocrx_word' id='word_1_161' title='bbox 968 2790 1167 2857; x_wconf 84' lang='lat' dir='ltr'><strong>Tolosensis</strong></span> <span class='ocrx_word' id='word_1_162' title='bbox 1181 2790 1216 2855; x_wconf 91' lang='lat' dir='ltr'><strong>in</strong></span> <span class='ocrx_word' id='word_1_163' title='bbox 1227 2791 1354 2856; x_wconf 83' lang='lat' dir='ltr'><strong>Galliis</strong></span> 
     </span>
     <span class='ocr_line' id='line_1_23' title="bbox 258 2891 1355 2977; baseline 0.001 -20"><span class='ocrx_word' id='word_1_164' title='bbox 258 2892 467 2958; x_wconf 89' lang='lat' dir='ltr'><strong>celeberrime</strong></span> <span class='ocrx_word' id='word_1_165' title='bbox 501 2892 718 2959; x_wconf 90' lang='lat' dir='ltr'><strong>Rhetoricam</strong></span> <span class='ocrx_word' id='word_1_166' title='bbox 746 2891 868 2959; x_wconf 70' lang='lat' dir='ltr'><strong>docet!</strong></span> <span class='ocrx_word' id='word_1_167' title='bbox 910 2891 993 2977; x_wconf 81' lang='lat' dir='ltr'><strong>Ejus</strong></span> <span class='ocrx_word' id='word_1_168' title='bbox 1022 2912 1142 2957; x_wconf 89' lang='lat' dir='ltr'><strong>nomen</strong></span> <span class='ocrx_word' id='word_1_169' title='bbox 1170 2913 1282 2958; x_wconf 86' lang='lat' dir='ltr'><strong>verum</strong></span> <span class='ocrx_word' id='word_1_170' title='bbox 1309 2914 1355 2958; x_wconf 84' lang='lat' dir='ltr'><strong>cx</strong></span> 
     </span>
     <span class='ocr_line' id='line_1_24' title="bbox 259 2991 1492 3077; baseline -0.002 -18"><span class='ocrx_word' id='word_1_171' title='bbox 259 2994 411 3059; x_wconf 82' lang='lat' dir='ltr'><strong>¹Suetonii</strong></span> <span class='ocrx_word' id='word_1_172' title='bbox 441 2994 554 3058; x_wconf 88' lang='lat' dir='ltr'><strong>libello</strong></span> <span class='ocrx_word' id='word_1_173' title='bbox 580 2994 623 3058; x_wconf 91' lang='lat' dir='ltr'><strong>de</strong></span> <span class='ocrx_word' id='word_1_174' title='bbox 649 2991 758 3058; x_wconf 84' lang='lat' dir='ltr'><strong>Claris</strong></span> <span class='ocrx_word' id='word_1_175' title='bbox 785 2992 992 3059; x_wconf 87' lang='lat' dir='ltr'><strong>Rhetorihus</strong></span> <span class='ocrx_word' id='word_1_176' title='bbox 1018 3000 1184 3077; x_wconf 82' lang='lat' dir='ltr'><strong>superest,</strong></span> <span class='ocrx_word' id='word_1_177' title='bbox 1206 2994 1265 3058; x_wconf 92' lang='lat' dir='ltr'><strong>uhi</strong></span> <span class='ocrx_word' id='word_1_178' title='bbox 1286 3012 1355 3058; x_wconf 92' lang='lat' dir='ltr'><strong>non</strong></span> <span class='ocrx_word' id='word_1_179' title='bbox 1491 3007 1492 3022; x_wconf 62' lang='lat'>¹</span> 
     </span>
     <span class='ocr_line' id='line_1_25' title="bbox 261 3092 1355 3173; baseline -0.004 -10"><span class='ocrx_word' id='word_1_180' title='bbox 261 3098 423 3163; x_wconf 83' lang='lat' dir='ltr'><strong>Surculus</strong></span> <span class='ocrx_word' id='word_1_181' title='bbox 442 3103 597 3173; x_wconf 84' lang='lat' dir='ltr'><strong>vocatur,</strong></span> <span class='ocrx_word' id='word_1_182' title='bbox 618 3094 678 3160; x_wconf 91' lang='lat' dir='ltr'><strong>sed</strong></span> <span class='ocrx_word' id='word_1_183' title='bbox 693 3094 850 3173; x_wconf 86' lang='lat' dir='ltr'><strong>Ursulus,</strong></span> <span class='ocrx_word' id='word_1_184' title='bbox 863 3096 913 3159; x_wconf 91' lang='lat' dir='ltr'><strong>uti</strong></span> <span class='ocrx_word' id='word_1_185' title='bbox 934 3100 969 3159; x_wconf 90' lang='lat' dir='ltr'><strong>et</strong></span> <span class='ocrx_word' id='word_1_186' title='bbox 987 3096 1022 3159; x_wconf 91' lang='lat' dir='ltr'><strong>in</strong></span> <span class='ocrx_word' id='word_1_187' title='bbox 1044 3093 1209 3161; x_wconf 83' lang='lat' dir='ltr'><strong>Chronico</strong></span> <span class='ocrx_word' id='word_1_188' title='bbox 1224 3092 1293 3161; x_wconf 82' lang='lat' dir='ltr'><strong>his.</strong></span> <span class='ocrx_word' id='word_1_189' title='bbox 1309 3094 1355 3160; x_wconf 92' lang='lat' dir='ltr'><strong>ad</strong></span> 
     </span>
    </p>

    <p class='ocr_par' dir='ltr' id='par_1_7' title="bbox 216 3194 1492 4304">
     <span class='ocr_line' id='line_1_26' title="bbox 216 3194 1356 3289; baseline -0.003 -25"><span class='ocrx_word' id='word_1_190' title='bbox 216 3276 220 3289; x_wconf 92' lang='lat'><em>.</em></span> <span class='ocrx_word' id='word_1_191' title='bbox 261 3200 296 3264; x_wconf 87' lang='lat' dir='ltr'><strong>S.</strong></span> <span class='ocrx_word' id='word_1_192' title='bbox 312 3198 474 3263; x_wconf 90' lang='lat' dir='ltr'><strong>Victoris.</strong></span> <span class='ocrx_word' id='word_1_193' title='bbox 520 3195 600 3261; x_wconf 88' lang='lat' dir='ltr'><strong>Ursi</strong></span> <span class='ocrx_word' id='word_1_194' title='bbox 622 3196 709 3261; x_wconf 89' lang='lat' dir='ltr'><strong>enim</strong></span> <span class='ocrx_word' id='word_1_195' title='bbox 731 3203 768 3260; x_wconf 87' lang='lat' dir='ltr'><strong>ct</strong></span> <span class='ocrx_word' id='word_1_196' title='bbox 785 3194 902 3261; x_wconf 86' lang='lat' dir='ltr'><strong>Ursuli</strong></span> <span class='ocrx_word' id='word_1_197' title='bbox 916 3194 1054 3261; x_wconf 82' lang='lat' dir='ltr'><strong>familiae</strong></span> <span class='ocrx_word' id='word_1_198' title='bbox 1070 3202 1149 3261; x_wconf 89' lang='lat' dir='ltr'><strong>sunt</strong></span> <span class='ocrx_word' id='word_1_199' title='bbox 1161 3198 1305 3274; x_wconf 89' lang='lat' dir='ltr'><strong>uomina,</strong></span> <span class='ocrx_word' id='word_1_200' title='bbox 1318 3202 1356 3261; x_wconf 91' lang='lat' dir='ltr'><strong>ut</strong></span> 
     </span>
     <span class='ocr_line' id='line_1_27' title="bbox 262 3297 1357 3384; baseline -0.005 -17"><span class='ocrx_word' id='word_1_201' title='bbox 262 3318 306 3369; x_wconf 82' lang='lat' dir='ltr'><strong>ex</strong></span> <span class='ocrx_word' id='word_1_202' title='bbox 320 3306 397 3366; x_wconf 86' lang='lat' dir='ltr'><strong>vett.</strong></span> <span class='ocrx_word' id='word_1_203' title='bbox 412 3298 685 3384; x_wconf 84' lang='lat' dir='ltr'><strong>inscriptionibus</strong></span> <span class='ocrx_word' id='word_1_204' title='bbox 712 3306 859 3364; x_wconf 86' lang='lat' dir='ltr'><strong>constat</strong></span> <span class='ocrx_word' id='word_1_205' title='bbox 902 3297 951 3364; x_wconf 84' lang='lat' dir='ltr'><strong>At</strong></span> <span class='ocrx_word' id='word_1_206' title='bbox 972 3298 1144 3383; x_wconf 80' lang='lat' dir='ltr'><strong>Papinius·</strong></span> <span class='ocrx_word' id='word_1_207' title='bbox 1159 3298 1270 3364; x_wconf 73' lang='lat' dir='ltr'><strong>Poeta</strong></span> <span class='ocrx_word' id='word_1_208' title='bbox 1293 3318 1357 3363; x_wconf 87' lang='lat' dir='ltr'><strong>nec</strong></span> 
     </span>
     <span class='ocr_line' id='line_1_28' title="bbox 261 3398 1357 3483; baseline -0.005 -14"><span class='ocrx_word' id='word_1_209' title='bbox 261 3402 391 3481; x_wconf 90' lang='lat' dir='ltr'><strong>Ursuli,</strong></span> <span class='ocrx_word' id='word_1_210' title='bbox 406 3402 461 3468; x_wconf 84' lang='lat' dir='ltr'><strong>vel</strong></span> <span class='ocrx_word' id='word_1_211' title='bbox 476 3400 616 3479; x_wconf 90' lang='lat' dir='ltr'><strong>Surculi,</strong></span> <span class='ocrx_word' id='word_1_212' title='bbox 643 3418 827 3483; x_wconf 80' lang='lat' dir='ltr'><strong>cognomen</strong></span> <span class='ocrx_word' id='word_1_213' title='bbox 842 3400 972 3476; x_wconf 85' lang='lat' dir='ltr'><strong>hahuit,</strong></span> <span class='ocrx_word' id='word_1_214' title='bbox 994 3418 1056 3465; x_wconf 87' lang='lat' dir='ltr'><strong>nec</strong></span> <span class='ocrx_word' id='word_1_215' title='bbox 1070 3398 1268 3465; x_wconf 76' lang='lat' dir='ltr'><strong>&#39;l&#39;oloseusis</strong></span> <span class='ocrx_word' id='word_1_216' title='bbox 1281 3398 1357 3479; x_wconf 80' lang='lat' dir='ltr'><strong>tuit,</strong></span> 
     </span>
     <span class='ocr_line' id='line_1_29' title="bbox 264 3498 1358 3587; baseline -0.004 -18"><span class='ocrx_word' id='word_1_217' title='bbox 264 3504 324 3569; x_wconf 85' lang='lat' dir='ltr'><strong>sed</strong></span> <span class='ocrx_word' id='word_1_218' title='bbox 336 3503 595 3587; x_wconf 87' lang='lat' dir='ltr'><strong>Neapolitanus.</strong></span> <span class='ocrx_word' id='word_1_219' title='bbox 639 3501 790 3586; x_wconf 82' lang='lat' dir='ltr'><strong>Reliquit</strong></span> <span class='ocrx_word' id='word_1_220' title='bbox 805 3520 841 3565; x_wconf 87' lang='lat' dir='ltr'><strong>v.</strong></span> <span class='ocrx_word' id='word_1_221' title='bbox 861 3502 1039 3586; x_wconf 81' lang='lat' dir='ltr'><strong>sylvarum</strong></span> <span class='ocrx_word' id='word_1_222' title='bbox 1052 3500 1167 3581; x_wconf 89' lang='lat' dir='ltr'><strong>libros,</strong></span> <span class='ocrx_word' id='word_1_223' title='bbox 1182 3498 1358 3566; x_wconf 83' lang='lat' dir='ltr'><strong>x11.Tbe-</strong></span> 
     </span>
     <span class='ocr_line' id='line_1_30' title="bbox 262 3602 1492 3684; baseline -0.007 -9"><span class='ocrx_word' id='word_1_224' title='bbox 262 3608 396 3684; x_wconf 87' lang='lat' dir='ltr'><strong>baidus,</strong></span> <span class='ocrx_word' id='word_1_225' title='bbox 423 3623 458 3672; x_wconf 89' lang='lat' dir='ltr'><strong>v.</strong></span> <span class='ocrx_word' id='word_1_226' title='bbox 486 3602 701 3670; x_wconf 82' lang='lat' dir='ltr'><strong>Achilleidos.</strong></span> <span class='ocrx_word' id='word_1_227' title='bbox 746 3602 788 3670; x_wconf 85' lang='lat' dir='ltr'><strong>ln</strong></span> <span class='ocrx_word' id='word_1_228' title='bbox 810 3602 986 3669; x_wconf 83' lang='lat' dir='ltr'><strong>Thebaida</strong></span> <span class='ocrx_word' id='word_1_229' title='bbox 1007 3610 1040 3670; x_wconf 90' lang='lat' dir='ltr'><strong>et</strong></span> <span class='ocrx_word' id='word_1_230' title='bbox 1060 3602 1250 3668; x_wconf 84' lang='lat' dir='ltr'><strong>Achilleidu</strong></span> <span class='ocrx_word' id='word_1_231' title='bbox 1267 3622 1360 3667; x_wconf 89' lang='lat' dir='ltr'><strong>com·</strong></span> <span class='ocrx_word' id='word_1_232' title='bbox 1491 3615 1492 3622; x_wconf 75' lang='grc'>’</span> 
     </span>
     <span class='ocr_line' id='line_1_31' title="bbox 264 3706 1361 3792; baseline -0.003 -18"><span class='ocrx_word' id='word_1_233' title='bbox 264 3714 431 3774; x_wconf 88' lang='lat' dir='ltr'><strong>mentatus</strong></span> <span class='ocrx_word' id='word_1_234' title='bbox 465 3706 628 3773; x_wconf 87' lang='lat' dir='ltr'><strong>Placidus</strong></span> <span class='ocrx_word' id='word_1_235' title='bbox 658 3706 872 3789; x_wconf 77' lang='lat' dir='ltr'><strong>lactantius3</strong></span> <span class='ocrx_word' id='word_1_236' title='bbox 906 3725 1005 3792; x_wconf 89' lang='lat' dir='ltr'><strong>quem</strong></span> <span class='ocrx_word' id='word_1_237' title='bbox 1033 3722 1172 3771; x_wconf 81' lang='lat' dir='ltr'><strong>necesse</strong></span> <span class='ocrx_word' id='word_1_238' title='bbox 1200 3712 1253 3770; x_wconf 89' lang='lat' dir='ltr'><strong>est</strong></span> <span class='ocrx_word' id='word_1_239' title='bbox 1279 3711 1361 3790; x_wconf 90' lang='lat' dir='ltr'><strong>post</strong></span> 
     </span>
     <span class='ocr_line' id='line_1_32' title="bbox 267 3806 1360 3893; baseline -0.005 -16"><span class='ocrx_word' id='word_1_240' title='bbox 267 3830 388 3877; x_wconf 87' lang='lat' dir='ltr'><strong>annum</strong></span> <span class='ocrx_word' id='word_1_241' title='bbox 417 3810 547 3875; x_wconf 83' lang='lat' dir='ltr'><strong>vixisse</strong></span> <span class='ocrx_word' id='word_1_242' title='bbox 576 3808 938 3893; x_wconf 85' lang='lat' dir='ltr'><strong>quadringentesimum</strong></span> <span class='ocrx_word' id='word_1_243' title='bbox 966 3827 1043 3874; x_wconf 90' lang='lat' dir='ltr'><strong>cum</strong></span> <span class='ocrx_word' id='word_1_244' title='bbox 1070 3806 1242 3871; x_wconf 81' lang='lat' dir='ltr'><strong>sedulium</strong></span> <span class='ocrx_word' id='word_1_245' title='bbox 1265 3808 1360 3885; x_wconf 84' lang='lat' dir='ltr'><strong>citet,</strong></span> 
     </span>
     <span class='ocr_line' id='line_1_33' title="bbox 266 3911 1361 3996; baseline -0.005 -18"><span class='ocrx_word' id='word_1_246' title='bbox 266 3912 499 3978; x_wconf 83' lang='lat' dir='ltr'><strong>Theodosiani</strong></span> <span class='ocrx_word' id='word_1_247' title='bbox 510 3912 576 3976; x_wconf 84' lang='lat' dir='ltr'><strong>aevi</strong></span> <span class='ocrx_word' id='word_1_248' title='bbox 588 3912 804 3995; x_wconf 85' lang='lat' dir='ltr'><strong>scriptorem:</strong></span> <span class='ocrx_word' id='word_1_249' title='bbox 818 3911 919 3977; x_wconf 85' lang='lat' dir='ltr'><strong>immo</strong></span> <span class='ocrx_word' id='word_1_250' title='bbox 929 3917 962 3977; x_wconf 87' lang='lat' dir='ltr'><strong>et</strong></span> <span class='ocrx_word' id='word_1_251' title='bbox 971 3918 1050 3996; x_wconf 90' lang='lat' dir='ltr'><strong>post</strong></span> <span class='ocrx_word' id='word_1_252' title='bbox 1059 3911 1361 3994; x_wconf 88' lang='lat' dir='ltr'><strong>quingentesimum</strong></span> 
     </span>
     <span class='ocr_line' id='line_1_34' title="bbox 268 4011 1361 4093; baseline -0.004 -14"><span class='ocrx_word' id='word_1_253' title='bbox 268 4015 378 4093; x_wconf 83' lang='lat' dir='ltr'><strong>luerit,</strong></span> <span class='ocrx_word' id='word_1_254' title='bbox 403 4034 480 4079; x_wconf 90' lang='lat' dir='ltr'><strong>cum</strong></span> <span class='ocrx_word' id='word_1_255' title='bbox 507 4011 641 4077; x_wconf 68' lang='lat' dir='ltr'><strong>Boethii</strong></span> <span class='ocrx_word' id='word_1_256' title='bbox 669 4013 862 4078; x_wconf 88' lang='lat' dir='ltr'><strong>meminerit.</strong></span> <span class='ocrx_word' id='word_1_257' title='bbox 914 4011 959 4079; x_wconf 88' lang='lat' dir='ltr'><strong>Et</strong></span> <span class='ocrx_word' id='word_1_258' title='bbox 990 4032 1073 4079; x_wconf 85' lang='lat' dir='ltr'><strong>vero</strong></span> <span class='ocrx_word' id='word_1_259' title='bbox 1102 4012 1361 4077; x_wconf 80' lang='lat' dir='ltr'><strong>commentarius</strong></span> 
     </span>
     <span class='ocr_line' id='line_1_35' title="bbox 266 4112 1362 4201; baseline -0.001 -22"><span class='ocrx_word' id='word_1_260' title='bbox 266 4115 342 4201; x_wconf 86' lang='lat' dir='ltr'><strong>ejus</strong></span> <span class='ocrx_word' id='word_1_261' title='bbox 356 4124 453 4181; x_wconf 86' lang='lat' dir='ltr'><strong>cento</strong></span> <span class='ocrx_word' id='word_1_262' title='bbox 470 4136 514 4181; x_wconf 87' lang='lat' dir='ltr'><strong>cx</strong></span> <span class='ocrx_word' id='word_1_263' title='bbox 528 4114 649 4192; x_wconf 81' lang='lat' dir='ltr'><strong>Servii,</strong></span> <span class='ocrx_word' id='word_1_264' title='bbox 662 4112 798 4199; x_wconf 86' lang='lat' dir='ltr'><strong>Hygeni</strong></span> <span class='ocrx_word' id='word_1_265' title='bbox 811 4114 1060 4198; x_wconf 81' lang='lat' dir='ltr'><strong>Mythologicis,</strong></span> <span class='ocrx_word' id='word_1_266' title='bbox 1075 4121 1109 4179; x_wconf 90' lang='lat' dir='ltr'><strong>et</strong></span> <span class='ocrx_word' id='word_1_267' title='bbox 1123 4112 1362 4181; x_wconf 77' lang='lat' dir='ltr'><strong>Astronomico</strong></span> 
     </span>
     <span class='ocr_line' id='line_1_36' title="bbox 268 4214 1364 4304; baseline 0.001 -22"><span class='ocrx_word' id='word_1_268' title='bbox 268 4215 403 4301; x_wconf 78' lang='lat' dir='ltr'><strong>Arateo,</strong></span> <span class='ocrx_word' id='word_1_269' title='bbox 420 4224 455 4283; x_wconf 90' lang='lat' dir='ltr'><strong>ct</strong></span> <span class='ocrx_word' id='word_1_270' title='bbox 468 4216 672 4302; x_wconf 85' lang='lat' dir='ltr'><strong>quibusdam</strong></span> <span class='ocrx_word' id='word_1_271' title='bbox 687 4216 775 4298; x_wconf 84' lang='lat' dir='ltr'><strong>ullis,</strong></span> <span class='ocrx_word' id='word_1_272' title='bbox 788 4236 873 4304; x_wconf 89' lang='lat' dir='ltr'><strong>quos</strong></span> <span class='ocrx_word' id='word_1_273' title='bbox 885 4216 932 4285; x_wconf 81' lang='lat' dir='ltr'><strong>ad</strong></span> <span class='ocrx_word' id='word_1_274' title='bbox 944 4219 1085 4287; x_wconf 86' lang='lat' dir='ltr'><strong>verbum</strong></span> <span class='ocrx_word' id='word_1_275' title='bbox 1098 4216 1269 4285; x_wconf 77' lang='lat' dir='ltr'><strong>uxscnhit</strong></span> <span class='ocrx_word' id='word_1_276' title='bbox 1300 4214 1364 4283; x_wconf 73' lang='lat' dir='ltr'><strong>nn</strong></span> 
     </span>
    </p>
   </div>
   <div class='ocr_carea' id='block_1_6' title="bbox 0 0 1527 4900">
    <p class='ocr_par' dir='ltr' id='par_1_8' title="bbox 0 0 1527 4900">
     <span class='ocr_line' id='line_1_37' title="bbox 0 0 1527 4900; baseline 0 0"><span class='ocrx_word' id='word_1_277' title='bbox 0 0 1527 4900; x_wconf 95' lang='lat' dir='ltr'><strong> </strong></span> 
     </span>
    </p>
   </div>
  </div>
 </body>
</html>
