2992 4900
261 347 306 415 at
582 363 789 415 lucrorum
812 363 1047 416 rnsrnuonrr

340 509 561 578 Continuator
577 507 730 576 Matthaei
744 509 877 574 Parisii.
921 509 962 574 In
976 508 1075 575 Anno
1091 527 1130 574 u.
1148 527 1202 575 cc.
1217 527 1283 574 nn.

309 627 407 692 Nunc
423 648 498 692 cunr
512 628 546 690 in
560 647 596 690 se
610 629 806 720 tenebrosus
828 629 872 692 sit
891 628 949 710 qui
964 647 1025 691 rex
1039 629 1235 712 appellatur,
1250 629 1360 712 quali·
1488 714 1489 719 ἵ

267 737 316 794 ter
339 729 538 794 illuminabit
562 727 783 794 obfuseatost
805 727 903 794 Unde
926 729 1077 795 Statius:
1100 729 1224 796 ‘'lbnc
1247 732 1360 797 omnia

258 833 334 918 jure
349 831 479 900 tenebis
494 827 579 894 Cum
593 831 717 914 poteris
733 829 812 894 Rex
822 849 898 896 esse
912 830 1015 896 tuis.'⁸

583 976 795 1044 Everhardua
811 977 1026 1062 labyrintho.

349 1104 481 1172 Statius
496 1105 623 1190 eloquii
633 1104 806 1190 jucundus
818 1104 927 1183 melle,
943 1104 1084 1170 duorum

436 1205 540 1272 Arma
555 1208 646 1290 capit
664 1207 813 1285 fratrum,
828 1207 995 1274 subduco
1010 1226 1152 1292 quaeque
1168 1229 1240 1275 suo.

648 1355 736 1420 Ibid.
753 1356 869 1438 paullo
884 1364 971 1423 ante.

349 1482 479 1548 Statius
493 1481 669 1546 AEacidem
685 1486 828 1546 stantem
838 1484 930 1548 cultu
942 1483 1095 1548 muliebri

435 1584 600 1650 Virtutem
614 1583 726 1666 prodit
740 1584 921 1649 calliditate
936 1586 1010 1650 viri.

551 1725 664 1792 Nicol.
681 1727 895 1811 Clemangins
909 1727 1017 1812 Epist.
1035 1745 1068 1792 v.

307 1847 435 1913 Statius
456 1845 619 1929 Papinius
645 1849 792 1912 omnium
816 1848 901 1913 inter
926 1847 1096 1912 Heroicos
1120 1847 1274 1926 Latinos,
1287 1868 1356 1914 nuo

263 1958 408 2033 excepto
431 1947 583 2031 Virgilio,
607 1947 842 2030 gravissimus:
879 1947 1197 2034 studiosissimaqne
1221 1947 1358 2032 Virgilii

262 2052 464 2129 imitatione,
477 2050 557 2115 alter
571 2051 669 2136 quasi
683 2050 858 2132 Virgilius.

346 2210 368 2274 J
371 2229 496 2274 oannes
512 2210 707 2288 Boccatius,
723 2207 862 2275 Geneal.
878 2210 981 2274 Deor.
995 2209 1055 2273 lib.
1073 2225 1159 2274 xiv.
1170 2228 1200 2274 c.
1215 2209 1270 2274 20.

305 2336 504 2414 Hesiodum,
521 2335 725 2420 Euripidem,
738 2336 895 2416 Statium,
907 2335 1140 2415 claudianum,
1149 2335 1358 2420 conspicuos

263 2443 369 2504 vates.

294 2586 484 2651 Rodericus
499 2585 723 2665 Zamorensis,
735 2585 883 2668 Speculo
897 2584 991 2654 Vitae
1006 2586 1185 2667 Humanae,
1200 2608 1276 2673 cap.
1289 2590 1323 2655 a

304 2704 397 2769 Hinc
412 2704 541 2768 Seneca
553 2708 665 2769 noster
679 2702 905 2769 Cordubensis
915 2725 976 2789 pro
990 2708 1153 2771 immenso
1168 2726 1205 2771 se
1219 2727 1356 2773 munere

260 2808 447 2872 habiturum
462 2806 599 2889 gratiam
623 2812 658 2869 et
680 2804 804 2870 samam
820 2805 911 2889 apud
926 2814 1081 2890 posteros
1095 2810 1307 2891 precabatur,
1321 2816 1357 2874 et

260 2908 388 2975 Statius
403 2912 600 2992 praesentem
618 2907 755 2971 honoris
777 2913 813 2972 et
832 2906 930 2973 samue
944 2907 1084 2991 gloriam
1096 2910 1275 2992 benignum
1291 2912 1358 2975 iter

261 3010 429 3093 Operibus
459 3010 530 3075 suis
556 3007 599 3071 ad
625 3016 778 3091 posteros
802 3010 963 3074 abudsse
983 3008 1125 3089 dicebat,
1148 3018 1182 3075 et
1210 3010 1355 3075 Ovidius

260 3110 371 3190 Naso,
386 3110 452 3176 sibi
468 3130 587 3175 nomen
602 3110 778 3174 indelebile
791 3109 938 3175 futurum
950 3110 1137 3175 laetabatur.

315 3253 404 3337 Aug.
419 3254 640 3319 Decembrius
655 3253 699 3319 de
713 3252 842 3319 Politia
856 3253 1045 3318 Literamnr
1060 3253 1082 3317 1.
1098 3270 1123 3315 ι.
1137 3273 1170 3336 p.
1186 3252 1240 3318 29.
1254 3254 1311 3319 30.

303 3372 433 3436 Statius
458 3372 492 3435 in
515 3372 738 3453 familiaribus
765 3360 1032 3455 complectendus
1052 3375 1115 3449 est,
1130 3371 1356 3437 etJnvenalis

257 3474 432 3558 praecipua
447 3472 744 3552 commendatione,
760 3474 819 3556 qni
844 3474 886 3537 de
913 3472 1076 3537 Romanis
1099 3473 1134 3535 in
1158 3491 1234 3536 enm
1257 3474 1355 3555 plan-

259 3575 418 3641 dentibus
432 3574 540 3637 dixit:
563 3578 574 3607 ‘
589 3573 739 3639 Curdtnr
760 3573 803 3638 ad
816 3571 957 3650 vocem,’
972 3578 1006 3636 et
1020 3570 1221 3655 Virgiliana,
1237 3576 1355 3657 quoad

257 3676 380 3759 potuit,
400 3674 592 3739 imitatione.
637 3672 751 3757 Hujus
771 3673 896 3757 duplex
910 3693 1008 3758 opus,
1023 3673 1215 3739 Thebaidos
1230 3675 1353 3758 majus,

259 3786 294 3842 et
307 3778 416 3839 minus
431 3774 641 3841 Achilleidos
656 3776 771 3841 multae
787 3775 1026 3841 delectationis
1041 3775 1265 3860 opusculum.³

290 3958 388 4009 dsunt
403 3955 484 4005 uerba
500 3956 642 4007 Claudiani.
674 3955 783 4021 Apppa·
856 3960 1038 4011 tPoateriora
1054 3960 1111 4009 buc
1130 3959 1209 4008 verba
1228 3964 1355 4021 connpta

259 4043 301 4085 ret
310 4042 396 4085 tamen
416 4042 553 4098 utrumque
572 4037 639 4085 bunc
658 4050 784 4085 summum
823 4043 884 4085 artat
894 4036 1173 4099 apndDecembrinnr3
1184 4034 1274 4100 utique
1285 4035 1356 4087 enim

258 4110 368 4163 Poetam
384 4110 427 4161 isti
443 4110 564 4176 scriptori
582 4110 661 4163 fnisse
675 4109 784 4161 familia·
825 4112 857 4161 de
867 4113 951 4176 sylvia
961 4111 1135 4178 runtaeripta.

258 4203 320 4239 rem.
