2992 4900
250 393 292 460 lo
693 409 899 458 rnurrrro.

251 555 331 638 quid
346 552 558 633 contulerint,
575 553 647 618 suis
673 551 760 616 locis
785 549 1033 616 memorabitur.
1055 576 1059 587 ·
1078 549 1129 614 Hi
1152 565 1268 615 omues
1291 551 1343 636 (et

251 657 309 719 elii
339 653 482 740 aliquot)
510 653 682 720 ediderunt
711 653 773 716 ires
802 653 935 736 Sylvas.
993 651 1103 715 Jenus
1131 649 1343 731 Parrhasius,

250 756 418 842 (monente
434 754 601 838 Burthio,)
622 753 827 837 Argumento
846 751 982 817 Preeiut.
996 752 1032 816 in
1046 751 1104 816 lrlr.
1117 769 1141 815 r.
1167 751 1342 818 Claudiani

250 857 297 940 de,
308 857 423 940 Reptu
437 854 663 938 Proserpinae,
676 853 857 936 pollicetur
877 851 1127 918 commentaria
1147 854 1184 916 iu
1198 853 1343 938 Sylves3

250 959 340 1042 quod
356 968 389 1022 et
404 957 488 1021 iecit
503 956 691 1024 Politianus
708 954 819 1038 Epist
835 969 889 1017 vr.
904 954 936 1016 1.
954 955 1013 1019 ubi
1026 955 1125 1018 eoem
1140 959 1282 1018 testatur
1302 973 1341 1020 se

248 1059 387 1142 publice
400 1058 595 1141 praelegisse
611 1059 672 1122 hos
692 1056 823 1120 Libros
867 1054 940 1120 Jos.
954 1054 1114 1136 Scaliger.
1130 1054 1342 1137 clarigatio

248 1159 419 1243 Propertii
433 1158 491 1222 lib.
508 1174 549 1222 rr.
565 1177 599 1240 p.
615 1158 689 1221 185.
706 1155 798 1220 Edit.
823 1155 994 1219 Putisson.
1017 1160 1178 1220 memoret
1198 1173 1235 1218 se
1248 1174 1342 1220 euer-

247 1266 443 1325 rnssetotos
457 1261 603 1344 quinque
618 1259 720 1322 libros
742 1257 919 1338 sylvarum
944 1255 1122 1320 ludovico
1147 1254 1340 1334 emenso,

247 1359 363 1444 Equiti
394 1361 512 1443 Regio.
557 1361 624 1425 Sed
652 1360 803 1443 privutoe,
832 1358 966 1441 opinor,
995 1357 1050 1422 lrm
1079 1355 1250 1439 Scaliger,
1274 1375 1341 1422 uon
1465 1363 1471 1374 ·

246 1462 404 1544 publicas,
421 1469 480 1526 eut
494 1461 628 1544 scriptis
644 1459 833 1524 commissa
841 1457 1102 1536 Proelectiones3
1124 1457 1214 1540 quod
1229 1466 1341 1524 tamen

244 1563 380 1626 innuere
394 1561 523 1626 videtur
538 1561 706 1627 Burthius.
753 1560 826 1624 Alii
840 1578 976 1644 quoque
997 1559 1093 1624 multi
1113 1560 1223 1624 lucem
1237 1567 1273 1626 et
1285 1579 1341 1625 sn·

243 1663 381 1728 nitatem
396 1663 474 1726 huic
498 1662 673 1745 Opusculo
699 1662 808 1728 obiter
831 1659 1059 1725 contuleruut:
1095 1667 1131 1726 ut
1145 1679 1227 1726 sene
1240 1661 1339 1726 dubi·

244 1765 320 1840 tem,
336 1783 378 1828 nu
402 1763 487 1827 inter
509 1763 620 1828 omnia
642 1761 866 1844 Antiquarum
888 1761 1024 1846 Scripta
1040 1761 1130 1826 ullus
1145 1761 1193 1826 eit
1205 1761 1341 1828 libellus

245 1863 305 1944 qui
326 1871 376 1927 tot
397 1863 546 1928 medicas
570 1881 690 1928 manus
704 1867 869 1944 expertus
882 1861 947 1941 sit3
969 1863 1096 1946 quippe
1116 1864 1151 1926 iu
1165 1861 1340 1929 contextu

244 1963 346 2047 lrujus
371 1963 538 2029 Fditiouis
560 1964 663 2028 habes
684 1963 890 2028 certissimas
913 1963 1169 2028 Emmostionos
1193 1963 1338 2028 virorum

244 2063 290 2130 ud
305 2065 473 2130 minimum
487 2065 710 2149 quodraginta
732 2065 768 2127 in
787 2083 823 2128 re
846 2065 991 2129 literaria
1013 2065 1217 2147 Principum.
1261 2064 1339 2130 Nec

242 2170 366 2244 tumen,
382 2173 418 2232 ut
432 2168 512 2233 milri
528 2167 667 2244 videtur,
683 2165 857 2231 dimidiam
871 2173 1002 2248 purtem
1015 2165 1208 2232 mendorum
1221 2165 1338 2230 absm-

242 2266 362 2345 lerunt,
384 2273 443 2333 nut
464 2269 614 2333 locorum
639 2265 826 2332 difficilium
844 2267 1072 2350 explicarunt:
1107 2265 1195 2330 uude
1220 2283 1340 2347 magno

242 2370 380 2432 emerim
395 2370 492 2446 scire,
507 2369 629 2452 quibus
644 2368 835 2432 rationibus
850 2368 915 2432 sibi
931 2368 1018 2452 ipsis
1039 2367 1257 2453 imposuerint
1276 2366 1340 2434 viri

242 2468 278 2532 iu
294 2469 369 2533 aliis
396 2468 600 2535 Auctoribus
624 2470 932 2553 perspicacissimi3
961 2470 1016 2535 vel
1037 2489 1105 2554 quo
1124 2470 1340 2536 modoiuter·

241 2571 401 2652 pretutori
415 2570 536 2634 fuerint
551 2576 600 2634 ter
615 2576 746 2635 centum
761 2571 841 2635 loce
852 2590 928 2655 qum
942 2590 989 2635 ex
1002 2571 1056 2635 his
1070 2571 1185 2653 Syluis
1199 2588 1340 2653 possem

243 2688 438 2753 proponere,
452 2674 484 2735 et
498 2689 639 2754 quorum
654 2668 704 2734 illi
719 2671 845 2735 nullum
860 2672 1020 2737 rationem
1031 2671 1247 2737 habueruut.-

288 2770 373 2835 Cum
395 2770 538 2853 primum
560 2770 623 2835 hoo
645 2788 733 2855 opus
757 2790 933 2853 aggressus
954 2791 1055 2850 eum,
1075 2772 1121 2838 ud
1134 2774 1340 2839 munusiuo·

240 2880 321 2935 ron't
337 2870 510 2935 Editioues
534 2869 646 2955 (Libri
668 2873 757 2937 euim
783 2871 869 2937 iuss
890 2874 926 2938 iu
948 2873 1123 2940 Britannia
1145 2874 1246 2959 nulli)
1259 2896 1339 2959 qum

243 2972 343 3055 uulgo
357 2973 523 3037 habentur
535 2972 835 3054 prestantissimae,
851 2973 932 3038 Aldi
946 2973 1013 3039 Au.
1029 2990 1127 3040 noir.
1162 2975 1340 3054 Gronovii,

243 3072 406 3151 Geuartii,
430 3074 604 3150 Bcrneutii,
627 3073 762 3150 Cruuei,
785 3074 956 3153 Grasseri,
978 3074 1174 3155 Veeulrnsii,
1203 3084 1237 3141 et
1257 3078 1337 3141 eliae

242 3175 408 3239 minorum
422 3174 586 3255 gentium:
608 3175 809 3258 Tiliobrogm
820 3196 953 3260 quoque
965 3176 1144 3243 Vnriautes
1158 3177 1337 3243 horiones

243 3274 380 3339 Veteris
394 3273 541 3353 Codicis,
557 3277 615 3361 qui
629 3277 664 3341 iu
685 3277 857 3361 plerisque
880 3299 957 3343 oum
978 3279 1070 3345 Edit
1085 3278 1185 3343 Rom.
1197 3297 1339 3347 coruun-

241 3376 294 3441 tit.
339 3376 502 3441 Gronovii
528 3378 680 3442 Distribe
708 3378 938 3461 suppeditavit
967 3381 1147 3446 lectiones
1172 3378 1337 3446 Codicum

242 3478 403 3543 Senensis
418 3485 454 3542 et
470 3478 665 3557 Florentini,
686 3485 721 3543 et
742 3478 939 3545 Editiouum
961 3481 1063 3547 Rom.
1083 3490 1121 3547 et
1141 3480 1277 3549 Aldine>
1301 3492 1339 3550 et

242 3577 383 3645 Venetus
400 3596 583 3646 nreoooxo.
629 3583 683 3645 De
698 3582 823 3666 quibus
838 3582 931 3646 libris
938 3583 1006 3662 uit,
1026 3582 1179 3669 (Praeiet.
1194 3584 1239 3648 ud
1256 3584 1338 3650 Diu-

243 3681 382 3767 triben.)
423 3684 495 3748 ‘Se
519 3702 649 3749 summa
671 3702 750 3748 cum
771 3683 946 3767 diligentia
966 3704 1027 3750 eos
1049 3685 1243 3763 contulisse,
1258 3706 1337 3753 cum

236 3784 402 3867 ¹religione
422 3790 459 3849 et
478 3784 544 3849 fide
565 3786 693 3869 optime
714 3786 838 3851 ciram:
880 3786 980 3851 Anno
1002 3787 1099 3853 loce
1119 3786 1211 3852 idem
1229 3786 1341 3856 edidit

244 3886 402 3963 Statium,
416 3894 450 3951 et
464 3905 623 3951 unacum
637 3887 697 3952 illo
713 3886 860 3970 Reliqua
880 3890 924 3953 ud
945 3889 1089 3973 Syleos:
1118 3890 1192 3955 lroec
1207 3891 1338 3973 prebe-

244 3989 326 4053 bant
338 3986 532 4053 varietates
546 3989 725 4054 nonnullas
746 3990 892 4071 optimus
914 3989 1054 4056 duorum
1075 3991 1213 4055 eliorum
1235 3990 1338 4056 Codi-

244 4110 333 4167 cum,
349 4088 519 4155 Rhodieni
534 4096 569 4155 et
594 4090 872 4173 Salisburgcnsis.
916 4092 1062 4157 Excussi
1076 4111 1208 4176 quoque
1222 4091 1336 4159 Notas

242 4192 390 4258 omniurn
405 4197 570 4275 quotquot
583 4194 732 4259 neusisci
748 4196 983 4279 poteram„qui
1000 4196 1037 4261 in
1050 4196 1137 4261 lruuo
1151 4193 1336 4262 Auctorem

248 4295 486 4379 scriptitarunt
918 4286 925 4297 ’
1217 4279 1221 4292 ’
