2992 4900
520 350 728 402 auuvsauu
755 351 830 401 ura.
854 352 894 400 ιι.
914 335 946 399 6.

185 493 357 562 Nobilitas
370 513 415 570 ex
428 498 538 558 moute
551 492 632 560 fult:
654 513 697 558 ne
708 493 890 576 comprime
905 491 1018 571 fletus,

185 595 221 662 N
222 618 240 662 c
255 596 392 680 pudeat:
414 600 547 678 rumpat
560 593 682 658 fraenos
697 594 790 658 dolor
805 595 879 672 iste,
894 594 1059 675 (Deisque

184 699 222 763 Si
237 703 304 762 tam
314 697 396 762 dura
411 692 572 780 placent,)
585 695 748 758 hominem
763 695 881 777 gemis,
895 693 966 778 (hei
980 693 1080 757 mihi!
1103 693 1214 758 subdo

183 883 599 950 ssbibelncrymosmeembesonsiis.
632 871 1280 944 Iatelsoisslexstonsrrrsbobeaas,etDeosiaousrt,si

187 953 237 1000 ists
245 964 309 1000 soena
319 950 377 1014 ipris
387 951 452 998 ‹nrds
462 948 519 998 sint
551 949 629 1008 noges
643 947 713 1008 Urse,
721 946 849 1006 sommam,
859 946 929 1012 (Hes
939 945 992 996 ass!
1007 947 1058 1011 ipss
1067 947 1165 1010 mendo
1175 945 1277 994 uolnera

186 1181 294 1234 (lerant.
326 1182 430 1232 ‘Quam
447 1181 514 1232 mala
529 1181 571 1231 hic
585 1187 780 1244 argumentatur
795 1178 902 1242 Statim,
920 1184 948 1229 et
966 1191 1008 1228 res
1028 1177 1143 1227 diversas
1164 1181 1193 1227 at
1214 1176 1278 1226 nihil

186 1259 320 1296 commune
330 1245 455 1296 habentes
467 1247 618 1310 conjungit!
636 1244 755 1304 Libertus,
765 1243 860 1308 iuquit,
870 1242 944 1301 molor
955 1241 1041 1303 jussis
1050 1247 1181 1292 stemma.
1207 1239 1278 1292 Quid

186 1310 291 1360 libertati
302 1324 359 1358 curn
366 1311 458 1374 isacio,
467 1310 553 1374 longo,
563 1317 590 1358 et
599 1309 750 1359 continuato
760 1311 900 1356 simulet
916 1307 1023 1357 Dixisse
1031 1305 1121 1356 debuit
1132 1323 1139 1355 ι
1157 1304 1278 1354 Libertas

186 1373 389 1436 omuisindictu,
411 1374 480 1423 omni
501 1373 699 1422 manumissione
720 1373 817 1434 major,
845 1384 896 1421 nou
915 1370 1010 1433 juncto
1026 1376 1162 1418 stemmate
1179 1369 1278 1430 major3

185 1438 283 1502 quippe
297 1438 418 1500 junctum
429 1445 539 1487 stemma
554 1451 604 1485 nou
622 1436 654 1486 ad
674 1436 821 1485 libertatem
838 1433 911 1495 t'acit,
930 1434 975 1482 sed
992 1433 1163 1483 nobilitatem.
1196 1432 1278 1481 Vides
1372 1482 1376 1488 ,

183 1501 240 1566 jam
257 1501 366 1551 Statium
388 1502 538 1564 scripsisse:
556 1502 594 1549 oui
614 1501 688 1561 maior
705 1498 923 1559 nmmmejascto
935 1497 1058 1547 Nobilitas
1078 1511 1109 1545 es
1127 1499 1204 1545 neate
1215 1496 1279 1556 soit.

186 1565 264 1629 Quid.
278 1566 357 1614 Pont.
371 1579 390 1615 ι.
402 1567 426 1616 b.
438 1567 535 1614 Noster
545 1565 627 1614 Theb.
639 1579 670 1614 ιι.
680 1567 737 1613 tto.
750 1577 791 1614 rs.
801 1567 858 1611 doti.
874 1563 994 1614 Juvenal.
1006 1575 1068 1611 vm.
1079 1564 1103 1609 1.
1120 1565 1169 1610 dre.
1205 1559 1277 1608 blais

185 1629 393 1680 seroGesartius
410 1629 538 1694 legitstuit
551 1630 659 1690 profuit
668 1645 678 1688 ,-
697 1629 717 1676 si
734 1627 802 1677 enirn
815 1627 950 1691 quicquam
966 1625 1127 1684 mutandum,
1143 1623 1278 1686 scripsisse

186 1693 275 1743 debuit
289 1693 369 1758 stanit
387 1707 436 1742 ιιοιι
449 1693 528 1757 fluit)
548 1693 712 1741 Marini-ll
729 1691 824 1740 Vener.
838 1696 860 1740 1.
881 1695 906 1741 2.
924 1693 948 1739 t.
961 1693 987 1739 t.
1000 1690 1073 1738 Rom.
1091 1687 1168 1737 Atdd.
1190 1687 1276 1737 colio.

185 1757 343 1822 Grypum.
380 1757 503 1821 Drisqsrr
522 1758 608 1806 Parni.
628 1757 741 1818 diesque,
758 1755 896 1805 (levartiaa
919 1759 947 1802 et
968 1753 1059 1802 Barth.
1074 1753 1163 1816 legere
1184 1751 1277 1800 malint

185 1821 301 1885 Daosgae.
333 1821 421 1871 ‘Olim
439 1822 618 1885 conjeceram:
636 1820 726 1869 Deiras
738 1819 788 1868 Hei
803 1820 910 1881 troffo.
943 1817 1004 1867 Non
1015 1819 1093 1879 male,
1103 1816 1204 1879 opinor,
1217 1815 1276 1879 quia

184 1885 252 1938 idem
263 1885 454 1950 conjectantem
471 1893 562 1950 postea
573 1885 734 1949 deprehendi
745 1883 904 1933 Gronovium
917 1881 1004 1932 Diatr.
1023 1895 1081 1946 cap.
1097 1884 1140 1931 al.
1173 1880 1276 1930 liesera

680 2017 706 2070 N
710 2017 789 2070 0¹1*AE

184 2128 229 2192 qni
247 2129 329 2192 magis
347 2133 405 2178 erat
422 2127 487 2178 liber
503 2127 615 2177 muribus
630 2141 660 2176 ac
675 2126 713 2176 in·
753 2123 839 2173 renat.
858 2122 912 2171 Sar.
935 2133 998 2170 vrrs.
1029 2119 1188 2168 ‘Stemmata
1216 2111 1280 2180 quid

185 2203 254 2266 dole,
269 2219 346 2269 qnam
370 2203 392 2254 si
412 2205 489 2268 longa
505 2205 571 2253 serie
590 2203 713 2252 nobilium
753 2195 872 2246 iaciunt?
894 2191 1282 2259 Quidprodestsaugninalon·

185 2279 370 2331 descendisset.
397 2279 635 2331 Ethocsecundum
646 2280 713 2330 Stoi·
754 2271 927 2334 romonum,
938 2269 1283 2333 censeripietoaqoeosteu·

186 2369 241 2419 eos,
267 2358 311 2421 qui
338 2371 426 2409 sersus
449 2357 596 2408 libertatem
616 2358 643 2407 iu
659 2357 714 2407 sola
754 2341 1079 2408 defevulttnMfljontm?

185 2431 316 2497 sapientia
351 2432 492 2497 ponebant,
525 2446 556 2483 ae
586 2434 714 2485 neminem
788 2427 818 2473 lb
836 2425 875 2473 Ne
884 2425 1096 2487 psoleotrrsmpot
1104 2419 1198 2483 fresos
1213 2419 1280 2471 dolor

184 2516 283 2573 praeter
300 2510 442 2573 sapientem
460 2510 569 2560 liberum
581 2524 637 2559 rrae
648 2510 716 2560 dice·
753 2499 1093 2564 ''tiisffldtwffliwlm
1101 2496 1226 2561 plombl]
1234 2498 1285 2545 '1¹⁰0

184 2584 257 2635 bant.
290 2584 357 2634 Vide
368 2586 424 2636 cie.
435 2585 531 2636 Parad.
541 2598 568 2635 v.
577 2586 670 2635 Horat.
682 2599 714 2637 ῃ,
754 2584 809 2626 tum
827 2579 894 2626 bunc
912 2579 996 2626 locum
1007 2579 1045 2625 sic
1056 2576 1169 2624 illustrat
1181 2574 1282 2623 Grono·

185 2661 240 2711 sar.
262 2665 287 2711 t.
327 2664 450 2711 senecam
471 2660 577 2725 passim,
605 2660 713 2709 Dionem
754 2652 819 2715 sins,
831 2662 859 2702 et
870 2659 959 2703 censet
975 2650 1113 2714 legendum
1124 2649 1222 2711 Deiras,
1233 2662 1281 2711 pro

186 2736 322 2788 Pruseunr
342 2737 468 2788 Oratione
484 2736 518 2786 da
535 2736 666 2786 Servitute
686 2746 714 2785 et
755 2728 867 2791 Dabitr,
878 2736 904 2777 et
916 2728 966 2777 Hei
978 2741 1026 2790 1)ῐο
1044 2724 1083 2786 δι’,
1098 2732 1232 2787 totumque
1243 2722 1283 2771 ¹⁰·

185 2814 331 2875 libertate,
342 2821 369 2863 et
388 2814 481 2877 passim
494 2812 596 2863 Arriani
608 2812 712 2875 Epiere.
755 2819 814 2853 rum
841 2805 879 2855 sie
894 2801 1088 2864 interstinguit:
1114 2800 1154 2848 Ns
1174 2800 1282 2861 podest:

186 2896 253 2950 tnm,
268 2896 297 2938 ct
316 2889 435 2937 Persium
450 2888 506 2937 Sat.
525 2903 552 2939 v.
586 2886 714 2936 Stemmots
753 2885 848 2942 nupsi
861 2878 955 2939 suanos
969 2878 1035 2927 dolor
1050 2877 1105 2936 iste,
1124 2873 1213 2924 Deissa
1229 2872 1283 2921 Hei

179 2965 278 3028 indu]
295 2965 445 3029 Propinquo
463 2963 606 3013 nobilitatis
622 2961 714 3026 gradu,
752 2956 989 3017 tradomplocearr
1004 2952 1119 3001 bominem
1127 2948 1222 3011 gessia!
1242 2949 1282 2997 bei

186 3055 238 3105 quo
250 3041 360 3105 aliquem
371 3039 552 3102 contingimus.
578 3038 620 3086 lta
631 3036 713 3085 Theb.
753 3029 831 3079 mibi!
846 3026 1076 3090 ssbdoIpaejoees:
1092 3025 1208 3074 hminem
1221 3023 1282 3076 Ursa

186 3128 219 3167 11·
234 3111 714 3179 ‘sanguinemJomtnm’diximum
754 3109 829 3153 tasas.
856 3103 990 3154 illucescit
999 3098 1283 3164 eninasirflronorins,

185 3194 259 3257 larga
274 3194 371 3256 Pelops
388 3199 416 3243 et
425 3192 548 3243 Tantalus
559 3197 650 3239 auctor
662 3189 715 3239 No-
755 3178 783 3229 in
806 3181 855 3230 boc
878 3194 978 3229 summa
1004 3191 1047 3227 ars
1073 3173 1283 3226 excellentissimi

183 3269 285 3332 bilitas,
303 3270 461 3334 propiorque
474 3266 538 3316 fluat
548 3265 581 3314 de
593 3266 715 3327 sanguine
755 3255 858 3318 Pobtae,
870 3255 938 3321 quod
957 3252 1076 3318 periodos
1094 3251 1189 3302 breves
1210 3250 1283 3298 velut

184 3344 408 3410 junctolupirer:
421 3344 537 3393 stemma
545 3347 642 3402 acorem,
654 3340 716 3405 quia
755 3330 869 3396 suspiriis
880 3330 1074 3393 interstinguat,
1083 3326 1238 3391 etabropts,
1249 3340 1282 3376 ae

187 3429 325 3473 stemmata
335 3423 415 3471 cotum
427 3426 500 3469 erant
510 3432 609 3480 eorum,
620 3418 663 3482 qm
668 3417 715 3480 ju,
755 3422 807 3456 uon
817 3406 974 3457 coherentia
983 3410 1070 3455 canat.
1094 3403 1127 3451 ls'i
1135 3402 1162 3451 in
1172 3411 1224 3451 ret·
1235 3402 1280 3451 lib.

187 3498 327 3561 imaginum
347 3496 489 3557 habebant,
509 3493 535 3544 id
556 3500 607 3553 ear,
628 3506 715 3541 eorum
755 3484 881 3547 scriptum
897 3481 993 3544 iuerat,
1002 3488 1031 3531 ut
1045 3477 1148 3540 assolet,
1158 3492 1206 3543 pro
1216 3477 1281 3526 liri:

188 3574 352 3641 quisnmmos
365 3572 529 3634 magistratus
540 3568 616 3631 Beip.
632 3581 716 3631 gesse-
755 3560 781 3609 id
799 3561 824 3609 in
840 3559 871 3609 Si
885 3557 1063 3623 degenerarit.
1095 3556 1220 3605 lnsanuru
1235 3553 1280 3601 do-

188 3660 257 3704 ranr.
279 3652 377 3702 Plinius
385 3651 428 3703 lib.
437 3662 527 3699 mv,
536 3662 595 3710 cap,
606 3650 631 3695 2,
648 3647 656 3674 ι
662 3648 714 3697 Eg.
754 3635 830 3685 leudo
840 3643 868 3686 et
879 3633 1035 3699 plangendo,
1046 3628 1170 3681 invidiam
1180 3628 1241 3679 Diis
1251 3642 1281 3676 ae

188 3727 271 3792 pressi
287 3741 348 3777 cera
365 3725 450 3775 uultus
471 3724 578 3786 siugulis
593 3722 716 3783 dispone·
755 3712 993 3763 facerscredebant
1003 3707 1077 3758 stulti
1088 3704 1204 3767 gentiles.
1235 3701 1287 3775 rid¹

187 3806 284 3857 bantur
292 3803 420 3865 armariis,
437 3810 466 3852 nr
477 3810 564 3851 essem
581 3800 714 3863 imagines,
754 3788 804 3837 noe
819 3803 880 3852 ergo
897 3788 992 3837 Ursum
1008 3785 1126 3833 hortator
1141 3776 1235 3839 Poita,
1252 3788 1281 3827 et

188 3896 246 3947 quo
265 3881 453 3931 comitarentur
471 3875 599 3939 gentilitia
615 3873 714 3929 funera,
755 3863 826 3913 faces
841 3861 924 3911 dolori
943 3858 1043 3908 subdit:
1060 3867 1161 3903 omnem
1177 3851 1281 3902 modum

186 3970 343 4021 semperque
369 3952 493 4005 defuncto
521 3952 618 4015 aliquo,
646 3956 716 3998 totus
755 3932 1113 3998 excedattstacomploratio,
1126 3932 1178 3982 ists
1195 3930 1283 3993 planc-

188 4034 281 4084 aderat
290 4028 395 4083 t'amiliae
407 4030 472 4093 ejus,
482 4027 526 4094 qul
537 4040 647 4090 nuquam
660 4022 717 4073 fue·
757 4024 812 4077 tuor
824 4014 1073 4076 videaotDii,quam
1081 4008 1144 4073 ipsis
1152 4006 1217 4057 dura
1225 4006 1280 4069 pla·

187 4118 240 4173 rat,
260 4109 386 4175 populus:
403 4107 546 4156 Stemmata
564 4115 623 4151 vero
640 4098 716 4149 lineis
755 4089 1027 4157 cuerist,quarosseri
1038 4086 1145 4146 fuerint,
1156 4098 1233 4152 qnam
1245 4083 1282 4133 in·

187 4186 370 4239 discurrebant
380 4182 412 4235 ad
421 4181 544 4246 imagines
552 4175 654 4244 pictas!
669 4174 715 4228 lu·
757 4168 834 4237 justi
