2992 4900
258 325 303 395 36
576 345 786 396 socnonuu
808 345 1042 399 uusnrnonra

334 492 518 577 Philippus
532 491 719 557 Beroaldus
733 490 777 556 ad
791 490 1018 575 Propertium,
1032 492 1091 558 lib.
1107 509 1147 559 ιι.
1163 493 1215 559 El.
1229 495 1284 561 83.

1485 202 1486 247 ι

302 611 393 696 Lege
417 610 563 677 Statium
576 612 611 676 iu
623 609 731 676 Theb.
748 625 790 675 x.
807 615 945 674 mortem
959 609 1110 694 Capanei
1123 611 1353 678 luculentissi-

260 715 324 780 mis
339 714 491 780 versibus
506 719 721 779 enarrantem.

1485 920 1486 959 i

1485 978 1486 1047 i

389 863 620 946 Mariaugelus
635 859 819 929 Accursius
833 863 868 928 in
882 863 1060 943 Diatuibis,
1075 884 1152 948 pag.
1169 864 1224 930 93.

302 982 466 1067 Ejusdem
481 981 734 1066 significationis
748 983 958 1049 intellectum
969 984 1088 1049 latenti
1106 981 1168 1048 sed
1182 984 1250 1049 acri
1260 984 1354 1069 judi·

259 1085 313 1150 cio
328 1086 468 1150 subesse
483 1086 517 1149 in
532 1083 641 1150 doctis
652 1089 819 1150 tantorum
831 1103 967 1170 operum
981 1085 1069 1151 orsis
1081 1085 1173 1168 apud
1189 1081 1353 1150 Ovidium

262 1187 524 1272 Papiniumque,
539 1187 747 1253 crediderim.

313 1346 475 1430 Baptista
490 1346 705 1425 Mantuanae,
722 1363 770 1410 vr.
785 1345 880 1430 Sylr.
897 1347 928 1411 l.
940 1344 984 1410 ad
998 1344 1136 1411 Jovian.
1152 1343 1294 1410 Pontou.

343 1464 406 1544 Te,
421 1465 544 1530 virides
558 1464 645 1528 inter
660 1465 803 1543 Laurus,
820 1463 1021 1549 Bajanaque
1032 1463 1170 1547 Tempe,

340 1566 407 1631 Per
420 1567 509 1644 loca,
524 1586 601 1650 quaa
616 1567 718 1633 fertur
733 1567 882 1632 coluisse
896 1565 1064 1652 Papinius
1079 1565 1172 1644 olim,

343 1667 496 1733 Pierides
508 1668 621 1734 aluere
636 1667 733 1734 Deae.

427 1816 603 1883 Conradus
616 1817 741 1896 Celtas,
757 1816 801 1883 ad
815 1815 958 1882 Guuteri
971 1815 1175 1900 Ligurinum.

344 1935 528 2001 Proximus
543 1955 580 2001 ea
594 1936 676 2014 vati,
691 1955 790 2020 quem
806 1935 949 2002 Mantua
963 1936 1066 2001 docta
1077 1935 1214 2014 creavit,

428 2037 472 2104 Et
486 2038 544 2121 qui
560 2037 716 2121 Pompeii
730 2044 766 2102 et
780 2036 930 2103 Caesaris
945 2057 1042 2101 arum
1055 2038 1158 2102 cauit.

202 2199 210 2214 ,
341 2140 420 2206 Neo
435 2139 554 2206 Stilioo
565 2145 706 2217 tantum,
722 2138 777 2204 vol
794 2139 980 2217 Honorius,
994 2145 1054 2204 aut
1069 2137 1278 2222 Majoranus,

427 2241 506 2307 Neo
520 2243 579 2327 qui
595 2241 774 2326 Scipiadas
788 2242 1043 2325 Porciadasque
1059 2247 1174 2306 sonat:

342 2340 408 2406 Per
422 2341 507 2408 freta
520 2362 581 2406 noc
595 2342 761 2407 tumidum
775 2343 834 2427 qui
849 2350 966 2408 cantat
981 2342 1106 2407 Iasona
1118 2349 1264 2422 vectum,

426 2443 593 2511 AEacideu
609 2443 664 2509 vel
680 2443 738 2527 qui
752 2443 1029 2529 Thebaidemque
1043 2452 1149 2513 tonat.

342 2543 453 2610 Gesta
468 2545 579 2611 Ducis
594 2545 766 2611 Macetum
780 2551 888 2612 totum
904 2546 1042 2629 vulgata
1050 2566 1113 2630 per
1125 2548 1240 2612 orbem

429 2644 499 2725 Qui
514 2646 610 2726 colit,
627 2646 788 2712 Hernicis
801 2648 901 2715 cedat
914 2656 949 2713 et
958 2648 1015 2713 ille
1029 2650 1107 2714 tuis.

336 2796 533 2864 [rudovicus
547 2796 688 2878 Caulius,
704 2796 821 2884 Antiq.
836 2798 929 2864 Isect
944 2800 1001 2863 lib.
1018 2814 1164 2864 xxvrrr.
1176 2818 1209 2863 c.
1224 2798 1279 2863 rt.

297 2916 435 3000 Papinii
450 2918 553 2983 verba
568 2923 653 2996 sunt,
668 2936 714 2983 ex
726 2918 834 2983 doctis
848 2917 918 2983 illis
931 2918 1092 3003 Syivutis.

313 3050 418 3117 Henr.
434 3050 624 3118 Glareanus
640 3052 743 3119 Notis
757 3054 792 3117 iu
807 3052 1012 3130 Terentium,
1026 3050 1093 3117 tine
1107 3052 1273 3118 Eunuchi.

297 3153 498 3238 Virgilianae
514 3154 677 3221 AEueidos
690 3155 775 3220 felix
788 3156 940 3221 imitator
953 3154 1094 3220 Statius.

411 3304 434 3370 J
437 3306 612 3371 oachimus
626 3256 806 3372 Vadianus
819 3305 862 3371 do
875 3303 1030 3384 Poetica,
1045 3322 1123 3389 cap.
1135 3303 1189 3371 28.

297 3422 435 3501 Statius,
449 3430 546 3490 vates
560 3424 681 3489 doctus
696 3430 728 3490 et
739 3425 911 3507 copiosus,
925 3424 985 3507 qui
997 3443 1040 3487 ue
1054 3420 1194 3488 conferri
1211 3421 1350 3506 quidem

254 3546 352 3591 suum
368 3524 498 3592 Podma
512 3526 713 3592 Maroniauo
726 3526 844 3603 voluit,
858 3533 894 3590 et
907 3526 1011 3590 decus
1030 3531 1146 3591 tamen
1158 3543 1351 3609 nomenque

254 3647 290 3692 se
304 3635 498 3694 secuturum
511 3626 602 3691 haud
617 3634 738 3692 tamma
752 3632 877 3709 sperat.
923 3640 930 3651 ·

381 3776 466 3845 Lud.
481 3777 591 3845 Vives
608 3778 650 3843 de
667 3776 836 3845 tradendis
851 3776 1068 3861 Disciplinis,
1082 3774 1142 3840 lib.
1155 3788 1213 3838 ιιι.

295 3894 474 3962 Juvenalis
488 3895 601 3960 multis
623 3896 658 3959 in
681 3895 769 3961 locis
790 3913 891 3979 asper
912 3900 965 3961 est
985 3901 1021 3958 et
1041 3891 1162 3972 dums3
1194 3889 1350 3955 materiae

254 4016 325 4063 snae
342 3997 564 4074 couveniens,⁵
578 3996 691 4062 mollis
707 4002 742 4061 et
756 3997 872 4062 suavis
886 3996 1021 4061 Statius.

337 4188 352 4232 t
379 4182 423 4233 De
438 4182 521 4248 Sylviu
540 4182 654 4249 loquitur
665 4182 762 4247 Vives5
783 4184 897 4251 alioquin
906 4184 1083 4249 moparum
1093 4176 1227 4231 Poeticae.
