2992 4900
598 403 804 458 russerie.
1202 391 1245 459 la

145 543 314 623 benderis,
330 543 474 630 injicias,
488 563 615 627 quaeso,
630 565 777 622 manum,
800 551 835 610 et
852 545 886 610 iu
901 545 992 611 dam
1013 546 1153 612 reducas
1166 567 1176 627 ;
1188 549 1244 614 le·

145 647 233 712 niter
247 653 365 712 tamen
378 657 413 712 et
427 647 500 712 siue
524 647 718 726 acerbitate,
742 652 840 731 prout
861 646 970 713 decet.
983 648 1155 715 Musarum
1176 670 1242 714 non

147 745 257 814 tuoni·
276 753 312 812 et
326 748 505 814 discordiae
520 747 627 812 sacris
647 755 805 830 operatos
820 769 829 813 z
850 749 1068 831 nequeenim,
1083 750 1114 813 si
1128 750 1243 816 calcu·

145 846 215 912 lum
230 853 323 912 recte
334 849 548 932 ponas,tanti
560 857 637 912 sunt
650 848 905 914 allucinationes
914 867 998 913 meae
1013 857 1051 913 nt
1065 855 1244 934 propterea

144 949 436 1016 bubumunitatem
457 969 584 1030 exues;
615 956 650 1014 et
672 948 769 1031 longe
790 953 866 1014 ante
884 950 947 1015 tibi
963 949 1129 1028 denuntio,
1144 951 1242 1016 sime

143 1057 309 1116 errantem
321 1052 508 1133 coargueris
517 1070 562 1116 ex
571 1051 703 1116 ratione
713 1051 761 1114 rei
769 1057 806 1115 et
817 1056 963 1114 veteram
975 1051 1243 1130 auetoritatibus,

145 1149 336 1237 (quomodo
351 1160 462 1216 tecum
478 1149 569 1235 ago)
590 1171 643 1216 me
664 1152 775 1235 primo
799 1151 920 1216 intuitu
944 1170 1063 1216 manus
1076 1152 1241 1231 deutrum,

145 1261 182 1318 et
193 1251 368 1318 sessurum
382 1253 455 1317 sine
475 1252 578 1334 flagro
593 1257 627 1315 et
643 1253 850 1328 verberibus,
864 1271 939 1335 quse
954 1254 1071 1334 procul
1083 1273 1243 1320 amoren-

145 1357 199 1418 tor
213 1372 236 1417 a
249 1353 446 1418 liberalibus
460 1352 669 1435 disciplinis;
692 1355 725 1416 in
741 1354 865 1436 quibas
883 1355 1084 1437 quicumque
1101 1357 1242 1437 ingenue

144 1464 308 1532 versatur,
324 1454 410 1518 civis
434 1453 609 1518 Romanus
624 1461 686 1519 est.
730 1453 775 1517 Et
796 1455 877 1536 quid
899 1456 929 1518 si
951 1474 1014 1536 ego
1036 1457 1240 1523 erraveriml

12 1581 14 1588 ·
145 1555 222 1640 quis
236 1555 303 1620 boc
317 1574 338 1617 a
352 1573 404 1618 me
419 1555 536 1634 exigit,
551 1561 611 1619 aut
625 1553 761 1636 quando
781 1555 919 1636 promisi
932 1554 1088 1632 formum,
1105 1562 1143 1621 ut
1155 1575 1241 1620 nuu-

145 1675 247 1740 qnam
262 1656 420 1720 fallerent
443 1673 483 1718 an
499 1657 530 1718 si
542 1654 657 1720 decem
673 1653 761 1719 locis
776 1652 832 1736 (ut
847 1654 1009 1720 Gronovii
1024 1657 1136 1720 verbis
1149 1654 1242 1738 utar>

143 1765 196 1822 ter
209 1759 424 1832 excidissem,
440 1757 557 1820 malles
582 1761 618 1822 tu
642 1757 769 1838 septies
791 1754 880 1820 salsa
894 1761 929 1821 et
942 1757 1084 1821 obscura
1098 1757 1241 1828 lectione

144 1859 303 1942 torqueri,
319 1875 419 1940 quam
435 1863 502 1922 tres
517 1857 597 1922 mihi
605 1858 724 1940 lapsus
738 1863 772 1921 et
779 1863 964 1924 monstrare
976 1864 1011 1920 et
1024 1858 1238 1924 condonaret

145 1979 226 2038 nou,
241 1958 381 2042 opinor;
412 1960 441 2022 si
455 1958 619 2022 hominem
638 1966 672 2022 te
693 1957 893 2025 memineris.
936 1957 1035 2022 Neve
1049 1957 1122 2023 beec
1137 1959 1240 2039 gratis

146 2061 237 2126 dicta
251 2069 365 2142 putes,
378 2060 440 2124 bac
460 2059 641 2124 occasione
655 2065 828 2141 stuporem
846 2075 956 2122 meum
970 2059 1058 2122 ultro
1071 2054 1238 2140 agnosco:

146 2162 202 2245 qui
220 2161 291 2224 elio
307 2157 480 2240 Opusculo
492 2159 615 2241 (Epist.
632 2157 747 2224 Critic.
763 2177 795 2240 p·
809 2155 881 2241 39.)
899 2159 934 2222 in
949 2159 1024 2223 loco
1035 2158 1075 2222 L.
1089 2159 1181 2224 Flori
1197 2177 1238 2224 rr.

143 2263 176 2327 2.
191 2281 267 2343 pro,
284 2264 294 2293 ‘
309 2257 458 2324 Africam
472 2267 507 2322 et
522 2258 637 2340 Syrtes
651 2259 798 2322 omnium
819 2259 959 2340 imperia
973 2258 1132 2338 gentium,
1146 2259 1238 2326 insu·

144 2364 252 2429 larum
267 2361 382 2425 littora
394 2357 558 2440 replevit:
571 2358 741 2441 legebam:
764 2363 775 2392 ‘
792 2357 908 2440 Syrtes
929 2365 964 2422 et
984 2359 1131 2424 omniurn
1146 2362 1180 2424 in
1196 2380 1238 2428 eo

143 2465 226 2530 mari
238 2462 420 2546 jacentium
434 2460 611 2525 insularum
624 2460 734 2525 littore
746 2459 767 2539 3¹
789 2478 864 2524 cum
885 2478 1000 2523 verum
1015 2469 1117 2539 esset,
1133 2466 1144 2495 ‘
1159 2464 1238 2546 Syr·

143 2574 197 2631 tes
211 2572 247 2629 et
261 2562 411 2627 omnium
427 2558 692 2644 interjacentium
710 2560 891 2625 insularum
906 2562 1019 2627 littora
1031 2562 1051 2642 3'
1071 2571 1170 2646 prout
1182 2583 1237 2629 me

144 2666 283 2732 comitor
296 2667 494 2727 monuerunt
508 2663 630 2727 summi
645 2661 708 2727 viri
722 2660 928 2727 Franciscus
944 2663 1039 2729 Hare
1059 2672 1095 2729 et
1116 2664 1237 2730 Ricar-

144 2767 209 2831 dns
223 2765 408 2840 Bentleius,
427 2769 462 2829 et
484 2764 634 2829 eruditus
658 2765 708 2829 vir
722 2762 846 2827 Daniel
857 2763 1038 2840 walterus,
1052 2771 1144 2829 tutor
1157 2766 1236 2831 olim

144 2886 262 2931 mens:
284 2865 408 2949 quibus
427 2864 509 2929 viris
533 2864 831 2947 praestantissimis,
845 2869 882 2927 et
894 2862 969 2939 hoc,
983 2869 1017 2927 et
1032 2862 1145 2929 multis
1160 2866 1236 2931 eliis

142 2965 346 3041 nominibus,
362 2966 561 3031 obstrictum
584 2984 635 3031 me
658 2962 806 3049 profiteri
819 2963 962 3045 gaudeo.
1003 2962 1097 3029 Idem
1110 2963 1235 3030 dictrrm

144 3068 221 3133 volo
236 3067 279 3131 de
294 3067 371 3132 loco
393 3066 563 3132 Ciceronis
587 3068 630 3131 de
657 3066 738 3131 Nat.
763 3064 865 3129 Deor.
881 3080 937 3128 ιιι.
951 3064 1004 3129 35.
1017 3064 1076 3127 ubi
1091 3084 1153 3147 pro
1176 3070 1186 3099 ‘
1203 3068 1235 3130 vi

145 3168 331 3252 timpanitis
360 3186 441 3248 rogo
468 3169 583 3233 illatus
611 3167 684 3243 est,’
712 3167 886 3249 legebamz
913 3165 973 3228 ‘in
1001 3166 1234 3249 triumphantis

145 3276 224 3351 toga
240 3270 348 3333 elatus
361 3267 444 3334 estz’
465 3267 691 3351 quodfalsum
708 3272 770 3342 est,
785 3284 861 3330 cum
877 3264 920 3329 de
936 3265 1104 3346 Dionysio
1120 3266 1235 3331 Siculo

144 3388 253 3437 sermo
266 3368 339 3446 fiat,
355 3370 411 3434 oui
424 3388 491 3434 uon
509 3371 673 3452 competit
699 3374 710 3403 ⁴
725 3366 823 3449 toga:
837 3385 916 3448 quta
930 3365 1158 3431 Romanorum
1171 3374 1233 3433 est

145 3470 211 3535 Sed
227 3470 270 3535 ad
286 3490 364 3535 rem.

186 3572 242 3637 De
256 3570 423 3653 prioribus
437 3568 550 3635 harum
567 3570 745 3653 Sylrarum
772 3568 965 3635 Editoribus
980 3586 1097 3651 parum
1111 3568 1233 3645 dicam,

18 3704 26 3717 .
142 3694 183 3739 nc
197 3690 311 3737 eorum
326 3670 613 3737 existimationem
628 3688 717 3746 reru,
732 3674 791 3735 aot
803 3671 869 3735 mei
882 3668 992 3753 ipsius
1005 3668 1092 3733 salso
1101 3667 1233 3750 judicio

143 3774 277 3843 ledam.
321 3772 402 3837 Hoc
416 3772 527 3837 solum
550 3770 678 3837 audebo
702 3770 826 3847 dicere,
840 3788 899 3835 eos
912 3768 1013 3835 nimis
1026 3768 1233 3850 negligenter

142 3874 220 3941 bnic
234 3877 331 3958 operi
347 3874 542 3955 assiluisse;
573 3875 652 3941 dum
665 3871 932 3957 unumquemris
945 3871 1058 3937 locum
1074 3871 1232 3953 arripien-

142 3983 192 4041 tes
206 3977 241 4039 in
254 3996 324 4059 quo
340 3975 455 4059 aliqua
470 3980 560 4039 essct
575 3974 737 4039 Codicum
760 3980 820 4040 ant
834 3973 1025 4039 Editionurn
1041 3971 1232 4055 discrepan-

142 4078 200 4155 tia,
210 4078 290 4141 huic
304 4078 364 4141 uui
377 4074 571 4141 catervatim
585 4073 816 4149 incubuerunt,
834 4072 877 4138 de
899 4074 1016 4138 decem
1030 4074 1231 4137 obscuriori-

143 4178 202 4243 bus
217 4185 254 4243 et
266 4175 555 4261 depravationibus
575 4173 696 4249 securi,
709 4176 742 4237 et
755 4191 796 4238 ne
809 4175 945 4238 verbnm
961 4172 1094 4257 quidem
1108 4173 1230 4240 iaciens
